<?xml version="1.0" encoding="UTF-8" ?><marc:collection xmlns:marc="http://www.loc.gov/MARC21/slim" xmlns:xsi="http://www.w3.org/2001/XMLSchema-instance" xsi:schemaLocation="http://www.loc.gov/MARC21/slim http://www.loc.gov/standards/marcxml/schema/MARC21slim.xsd">
<marc:record><marc:leader>03967cam a2200637 a 4500</marc:leader>
<marc:controlfield tag="001">9952907453506421</marc:controlfield>
<marc:controlfield tag="005">20240509044742.0</marc:controlfield><marc:controlfield tag="008">070428s2007    enk      b    000 f eng  </marc:controlfield><marc:datafield tag="015" ind1=" " ind2=" "><marc:subfield code="a">GBA732663</marc:subfield><marc:subfield code="2">bnb</marc:subfield></marc:datafield><marc:datafield tag="016" ind1="7" ind2=" "><marc:subfield code="a">013735577</marc:subfield><marc:subfield code="2">Uk</marc:subfield></marc:datafield><marc:datafield tag="020" ind1=" " ind2=" "><marc:subfield code="a">0140455159</marc:subfield><marc:subfield code="q">(pbk.)</marc:subfield></marc:datafield><marc:datafield tag="020" ind1=" " ind2=" "><marc:subfield code="a">9780140455151</marc:subfield><marc:subfield code="q">(pbk.)</marc:subfield></marc:datafield><marc:datafield tag="035" ind1=" " ind2=" "><marc:subfield code="a">(UkOxBHB)L3764628</marc:subfield></marc:datafield><marc:datafield tag="035" ind1=" " ind2=" "><marc:subfield code="a">(NjP)5290745-princetondb</marc:subfield></marc:datafield><marc:datafield tag="035" ind1=" " ind2=" "><marc:subfield code="z">(NjP)Voyager5290745</marc:subfield></marc:datafield><marc:datafield tag="035" ind1=" " ind2=" "><marc:subfield code="a">(OCoLC)ocn124025269</marc:subfield></marc:datafield><marc:datafield tag="040" ind1=" " ind2=" "><marc:subfield code="a">UKM</marc:subfield><marc:subfield code="b">eng</marc:subfield><marc:subfield code="c">UKM</marc:subfield><marc:subfield code="d">BTCTA</marc:subfield><marc:subfield code="d">YDXCP</marc:subfield><marc:subfield code="d">BWKUK</marc:subfield><marc:subfield code="d">BWK</marc:subfield><marc:subfield code="d">TJC</marc:subfield><marc:subfield code="d">GZM</marc:subfield><marc:subfield code="d">OCLCA</marc:subfield><marc:subfield code="d">VP@</marc:subfield><marc:subfield code="d">STF</marc:subfield><marc:subfield code="d">OCLCQ</marc:subfield><marc:subfield code="d">OCLCO</marc:subfield><marc:subfield code="d">OCLCQ</marc:subfield><marc:subfield code="d">OCLCF</marc:subfield><marc:subfield code="d">OCLCO</marc:subfield><marc:subfield code="d">CNUTO</marc:subfield><marc:subfield code="d">RCE</marc:subfield><marc:subfield code="d">UKMGB</marc:subfield><marc:subfield code="d">UWO</marc:subfield><marc:subfield code="d">AZU</marc:subfield><marc:subfield code="d">SXQ</marc:subfield><marc:subfield code="d">OCLCO</marc:subfield><marc:subfield code="d">OCL</marc:subfield><marc:subfield code="d">NLW</marc:subfield><marc:subfield code="d">OCL</marc:subfield><marc:subfield code="d">OCLCA</marc:subfield><marc:subfield code="d">OCLCO</marc:subfield><marc:subfield code="d">OCLCL</marc:subfield></marc:datafield><marc:datafield tag="041" ind1="1" ind2=" "><marc:subfield code="a">eng</marc:subfield><marc:subfield code="h">rus</marc:subfield></marc:datafield><marc:datafield tag="042" ind1=" " ind2=" "><marc:subfield code="a">pcc</marc:subfield></marc:datafield><marc:datafield tag="043" ind1=" " ind2=" "><marc:subfield code="a">e-ur---</marc:subfield></marc:datafield><marc:datafield tag="050" ind1=" " ind2="4"><marc:subfield code="a">PG3476.B78</marc:subfield><marc:subfield code="b">A2 2007</marc:subfield></marc:datafield><marc:datafield tag="066" ind1=" " ind2=" "><marc:subfield code="c">(N</marc:subfield></marc:datafield><marc:datafield tag="082" ind1="0" ind2="4"><marc:subfield code="a">891.7342</marc:subfield><marc:subfield code="2">22</marc:subfield></marc:datafield><marc:datafield tag="100" ind1="1" ind2=" "><marc:subfield code="6">880-01</marc:subfield><marc:subfield code="a">Bulgakov, Mikhail,</marc:subfield><marc:subfield code="d">1891-1940</marc:subfield><marc:subfield code="1">https://id.oclc.org/worldcat/entity/E39PBJqqrQDgxBJXPPC464gVG3</marc:subfield></marc:datafield><marc:datafield tag="880" ind1="1" ind2=" "><marc:subfield code="6">100-01/(N</marc:subfield><marc:subfield code="a">Булгаков, Михаил Афанасьевич,</marc:subfield><marc:subfield code="d">1891-1940.</marc:subfield></marc:datafield><marc:datafield tag="240" ind1="1" ind2="0"><marc:subfield code="a">Sobachʹe serdt︠s︡e.</marc:subfield><marc:subfield code="l">English</marc:subfield></marc:datafield><marc:datafield tag="245" ind1="1" ind2="2"><marc:subfield code="a">A dog's heart :</marc:subfield><marc:subfield code="b">an appalling story /</marc:subfield><marc:subfield code="c">Mikhail Bulgakov ; translated and edited with notes by Andrew Bromfield ; with an introduction by James Meek.</marc:subfield></marc:datafield><marc:datafield tag="260" ind1=" " ind2=" "><marc:subfield code="a">London ;</marc:subfield><marc:subfield code="a">New York :</marc:subfield><marc:subfield code="b">Penguin,</marc:subfield><marc:subfield code="c">2007.</marc:subfield></marc:datafield><marc:datafield tag="300" ind1=" " ind2=" "><marc:subfield code="a">xxv, 116 pages ;</marc:subfield><marc:subfield code="c">20 cm.</marc:subfield></marc:datafield><marc:datafield tag="490" ind1="1" ind2=" "><marc:subfield code="a">Penguin classics</marc:subfield></marc:datafield><marc:datafield tag="504" ind1=" " ind2=" "><marc:subfield code="a">Includes bibliographical references (p. [xxvi]).</marc:subfield></marc:datafield><marc:datafield tag="546" ind1=" " ind2=" "><marc:subfield code="a">Translated from the Russian.</marc:subfield></marc:datafield><marc:datafield tag="500" ind1=" " ind2=" "><marc:subfield code="a">Translated from the Russian.</marc:subfield></marc:datafield><marc:datafield tag="520" ind1="1" ind2=" "><marc:subfield code="a">&quot;Sharik is a hapless stray dog, baffled observer of human kind and vitriolic hater of cats. He is plucked from the streets of communist Moscow by Preobrazhensky, a medical professor, and subjected to a bizarre, human-gland-transplanting experiment. When Sharik begins to transform in weird and unexpected ways, his creator's virtuoso scientific confidence turns rapidly to wonderment, and then to horrified soul-searching. Bulgakov's hilarious science fiction is an angry satire of the utopian communist dream gone spectacularly awry, in which sinister forces lurk everywhere. Written in 1925 but immediately banned by the early Soviet government, the novella captures, in a unique style that alternates lucid realism with drama, the atmosphere of its rapidly changing times.&quot; &quot;Andrew Bromfield's new translation is accompanied by an introduction by James Meek, which places the work in the context of the Russian class struggles of the era and considers the vision, progressive style and lasting relevance of an author who was isolated and suppressed in his own lifetime. This edition also contains notes and a chronology.&quot;--BOOK JACKET.</marc:subfield></marc:datafield><marc:datafield tag="650" ind1=" " ind2="0"><marc:subfield code="a">Animal experimentation</marc:subfield><marc:subfield code="z">Soviet Union</marc:subfield><marc:subfield code="v">Fiction.</marc:subfield></marc:datafield><marc:datafield tag="650" ind1=" " ind2="6"><marc:subfield code="a">Expérimentation animale</marc:subfield><marc:subfield code="z">URSS</marc:subfield><marc:subfield code="v">Romans, nouvelles, etc.</marc:subfield></marc:datafield><marc:datafield tag="650" ind1=" " ind2="7"><marc:subfield code="a">Animal experimentation.</marc:subfield><marc:subfield code="2">fast</marc:subfield><marc:subfield code="0">(OCoLC)fst00809161</marc:subfield></marc:datafield><marc:datafield tag="651" ind1=" " ind2="0"><marc:subfield code="a">Soviet Union</marc:subfield><marc:subfield code="x">History</marc:subfield><marc:subfield code="y">Revolution, 1917-1921</marc:subfield><marc:subfield code="v">Fiction.</marc:subfield></marc:datafield><marc:datafield tag="651" ind1=" " ind2="6"><marc:subfield code="a">URSS</marc:subfield><marc:subfield code="x">Histoire</marc:subfield><marc:subfield code="y">1917-1921 (Révolution)</marc:subfield><marc:subfield code="v">Romans, nouvelles, etc.</marc:subfield></marc:datafield><marc:datafield tag="651" ind1=" " ind2="7"><marc:subfield code="a">Soviet Union.</marc:subfield><marc:subfield code="2">fast</marc:subfield><marc:subfield code="0">(OCoLC)fst01210281</marc:subfield></marc:datafield><marc:datafield tag="655" ind1=" " ind2="0"><marc:subfield code="a">Satire.</marc:subfield></marc:datafield><marc:datafield tag="655" ind1=" " ind2="7"><marc:subfield code="a">Satirical literature.</marc:subfield><marc:subfield code="2">fast</marc:subfield><marc:subfield code="0">(OCoLC)fst01922539</marc:subfield></marc:datafield><marc:datafield tag="655" ind1=" " ind2="7"><marc:subfield code="a">Fiction.</marc:subfield><marc:subfield code="2">fast</marc:subfield><marc:subfield code="0">(OCoLC)fst01423787</marc:subfield></marc:datafield><marc:datafield tag="655" ind1=" " ind2="7"><marc:subfield code="a">History.</marc:subfield><marc:subfield code="2">fast</marc:subfield><marc:subfield code="0">(OCoLC)fst01411628</marc:subfield></marc:datafield><marc:datafield tag="655" ind1=" " ind2="7"><marc:subfield code="a">Satire.</marc:subfield><marc:subfield code="2">fast</marc:subfield><marc:subfield code="0">(OCoLC)fst01726731</marc:subfield></marc:datafield><marc:datafield tag="655" ind1=" " ind2="7"><marc:subfield code="a">Satire.</marc:subfield><marc:subfield code="2">lcgft</marc:subfield></marc:datafield><marc:datafield tag="655" ind1=" " ind2="7"><marc:subfield code="a">Satirical literature.</marc:subfield><marc:subfield code="2">lcgft.</marc:subfield><marc:subfield code="2">lcgft</marc:subfield></marc:datafield><marc:datafield tag="647" ind1=" " ind2="7"><marc:subfield code="a">Revolution</marc:subfield><marc:subfield code="c">(Soviet Union :</marc:subfield><marc:subfield code="d">1917-1921)</marc:subfield><marc:subfield code="2">fast</marc:subfield><marc:subfield code="0">(OCoLC)fst01907572</marc:subfield><marc:subfield code="1">https://id.oclc.org/worldcat/entity/E39Qhp4vBbr3MBP7PmY9RGHt7b</marc:subfield></marc:datafield><marc:datafield tag="648" ind1=" " ind2="7"><marc:subfield code="a">1917-1921</marc:subfield><marc:subfield code="2">fast</marc:subfield></marc:datafield><marc:datafield tag="776" ind1="0" ind2="8"><marc:subfield code="i">Online version:</marc:subfield><marc:subfield code="a">Bulgakov, Mikhail, 1891-1940.</marc:subfield><marc:subfield code="s">Sobachʹe serdt︠s︡e. English.</marc:subfield><marc:subfield code="t">Dog's heart.</marc:subfield><marc:subfield code="d">London ; New York : Penguin, 2007</marc:subfield><marc:subfield code="w">(OCoLC)608451608</marc:subfield></marc:datafield><marc:datafield tag="700" ind1="1" ind2=" "><marc:subfield code="a">Bromfield, Andrew.</marc:subfield></marc:datafield><marc:datafield tag="830" ind1=" " ind2="0"><marc:subfield code="a">Penguin classics</marc:subfield></marc:datafield><marc:datafield tag="902" ind1=" " ind2=" "><marc:subfield code="a">dws</marc:subfield><marc:subfield code="b">m</marc:subfield><marc:subfield code="6">a</marc:subfield><marc:subfield code="7">m</marc:subfield><marc:subfield code="d">v</marc:subfield><marc:subfield code="f">1</marc:subfield><marc:subfield code="e">20071018</marc:subfield></marc:datafield><marc:datafield tag="904" ind1=" " ind2=" "><marc:subfield code="a">dws</marc:subfield><marc:subfield code="b">a</marc:subfield><marc:subfield code="h">m</marc:subfield><marc:subfield code="c">b</marc:subfield><marc:subfield code="e">20071018</marc:subfield></marc:datafield><marc:datafield tag="914" ind1=" " ind2=" "><marc:subfield code="a">(OCoLC)ocn124025269</marc:subfield><marc:subfield code="b">OCoLC</marc:subfield><marc:subfield code="c">match</marc:subfield><marc:subfield code="d">20240508</marc:subfield><marc:subfield code="e">processed</marc:subfield><marc:subfield code="f">124025269</marc:subfield></marc:datafield><marc:datafield tag="999" ind1=" " ind2=" "><marc:subfield code="a">5290745</marc:subfield></marc:datafield></marc:record>