
<marc:record><marc:leader>01208cam a22003014a 4500</marc:leader>
<marc:controlfield tag="001">9953239353506421</marc:controlfield>
<marc:controlfield tag="005">20240509045343.0</marc:controlfield><marc:controlfield tag="008">071105s2007    it a     b    001 0 ita d</marc:controlfield><marc:datafield tag="020" ind1=" " ind2=" "><marc:subfield code="a">9788862181020 :</marc:subfield><marc:subfield code="c">12.00 EUR</marc:subfield></marc:datafield><marc:datafield tag="035" ind1=" " ind2=" "><marc:subfield code="a">(ItFiC)it 07593570</marc:subfield></marc:datafield><marc:datafield tag="035" ind1=" " ind2=" "><marc:subfield code="a">(NjP)5323935-princetondb</marc:subfield></marc:datafield><marc:datafield tag="035" ind1=" " ind2=" "><marc:subfield code="z">(NjP)Voyager5323935</marc:subfield></marc:datafield><marc:datafield tag="035" ind1=" " ind2=" "><marc:subfield code="a">(OCoLC)ocn180014470</marc:subfield></marc:datafield><marc:datafield tag="040" ind1=" " ind2=" "><marc:subfield code="a">ItFiC</marc:subfield><marc:subfield code="b">eng</marc:subfield><marc:subfield code="c">ItFiC</marc:subfield></marc:datafield><marc:datafield tag="050" ind1="0" ind2="0"><marc:subfield code="a">PN1995.9.A5</marc:subfield><marc:subfield code="b">C643 2007</marc:subfield></marc:datafield><marc:datafield tag="100" ind1="1" ind2=" "><marc:subfield code="a">Colangelo, Giuseppe,</marc:subfield><marc:subfield code="d">1952-</marc:subfield><marc:subfield code="0">http://id.loc.gov/authorities/names/no2007137583</marc:subfield></marc:datafield><marc:datafield tag="245" ind1="1" ind2="0"><marc:subfield code="a">Miao, si gira! :</marc:subfield><marc:subfield code="b">cent'anni di film, storia e curiosità degli attori a quattro zampe /</marc:subfield><marc:subfield code="c">Giuseppe Colangelo.</marc:subfield></marc:datafield><marc:datafield tag="250" ind1=" " ind2=" "><marc:subfield code="a">1. ed.</marc:subfield></marc:datafield><marc:datafield tag="260" ind1=" " ind2=" "><marc:subfield code="a">Milano :</marc:subfield><marc:subfield code="b">Booktime,</marc:subfield><marc:subfield code="c">2007.</marc:subfield></marc:datafield><marc:datafield tag="300" ind1=" " ind2=" "><marc:subfield code="a">121 p. :</marc:subfield><marc:subfield code="b">ill. ;</marc:subfield><marc:subfield code="c">21 cm.</marc:subfield></marc:datafield><marc:datafield tag="490" ind1="1" ind2=" "><marc:subfield code="a">Cinema ;</marc:subfield><marc:subfield code="v">3</marc:subfield></marc:datafield><marc:datafield tag="504" ind1=" " ind2=" "><marc:subfield code="a">Includes bibliographical references (p. 113-119) and indexes.</marc:subfield></marc:datafield><marc:datafield tag="546" ind1=" " ind2=" "><marc:subfield code="a">Ukrainian; biographical note in Ukrainian and English.</marc:subfield></marc:datafield><marc:datafield tag="650" ind1=" " ind2="0"><marc:subfield code="a">Cats in motion pictures.</marc:subfield><marc:subfield code="0">http://id.loc.gov/authorities/subjects/sh93000563</marc:subfield></marc:datafield><marc:datafield tag="830" ind1=" " ind2="0"><marc:subfield code="a">Cinema (Booktime (Firm)) ;</marc:subfield><marc:subfield code="v">3.</marc:subfield></marc:datafield><marc:datafield tag="902" ind1=" " ind2=" "><marc:subfield code="a">yj</marc:subfield><marc:subfield code="b">s</marc:subfield><marc:subfield code="6">a</marc:subfield><marc:subfield code="7">m</marc:subfield><marc:subfield code="d">v</marc:subfield><marc:subfield code="f">1</marc:subfield><marc:subfield code="e">20080104</marc:subfield></marc:datafield><marc:datafield tag="904" ind1=" " ind2=" "><marc:subfield code="a">yj</marc:subfield><marc:subfield code="b">a</marc:subfield><marc:subfield code="h">m</marc:subfield><marc:subfield code="c">b</marc:subfield><marc:subfield code="e">20080104</marc:subfield></marc:datafield><marc:datafield tag="914" ind1=" " ind2=" "><marc:subfield code="a">(OCoLC)ocn180014470</marc:subfield><marc:subfield code="b">OCoLC</marc:subfield><marc:subfield code="c">match</marc:subfield><marc:subfield code="d">20240508</marc:subfield><marc:subfield code="e">processed</marc:subfield><marc:subfield code="f">180014470</marc:subfield></marc:datafield></marc:record>