
<marc:record><marc:leader>01311cam a2200361 a 4500</marc:leader>
<marc:controlfield tag="001">9953267133506421</marc:controlfield>
<marc:controlfield tag="005">20240502064509.0</marc:controlfield><marc:controlfield tag="008">071129s2007    it a     b    000 0 ita d</marc:controlfield><marc:datafield tag="019" ind1=" " ind2=" "><marc:subfield code="a">1000692716</marc:subfield></marc:datafield><marc:datafield tag="020" ind1=" " ind2=" "><marc:subfield code="a">9788890123757 :</marc:subfield><marc:subfield code="c">29.90 EUR</marc:subfield></marc:datafield><marc:datafield tag="020" ind1=" " ind2=" "><marc:subfield code="a">8890123753</marc:subfield></marc:datafield><marc:datafield tag="035" ind1=" " ind2=" "><marc:subfield code="a">(Shamansky) 54098</marc:subfield></marc:datafield><marc:datafield tag="035" ind1=" " ind2=" "><marc:subfield code="a">(CtY)7895767</marc:subfield></marc:datafield><marc:datafield tag="035" ind1=" " ind2=" "><marc:subfield code="a">(CStRLIN)CTYA7895767-B</marc:subfield></marc:datafield><marc:datafield tag="035" ind1=" " ind2=" "><marc:subfield code="a">(NjP)5326713-princetondb</marc:subfield></marc:datafield><marc:datafield tag="035" ind1=" " ind2=" "><marc:subfield code="z">(OCoLC)1000692716</marc:subfield></marc:datafield><marc:datafield tag="035" ind1=" " ind2=" "><marc:subfield code="z">(NjP)Voyager5326713</marc:subfield></marc:datafield><marc:datafield tag="035" ind1=" " ind2=" "><marc:subfield code="a">(OCoLC)ocn127106941</marc:subfield></marc:datafield><marc:datafield tag="040" ind1=" " ind2=" "><marc:subfield code="a">ItFiC</marc:subfield><marc:subfield code="b">eng</marc:subfield><marc:subfield code="c">YUS</marc:subfield><marc:subfield code="d">NjP</marc:subfield></marc:datafield><marc:datafield tag="049" ind1=" " ind2=" "><marc:subfield code="a">PULL</marc:subfield></marc:datafield><marc:datafield tag="050" ind1="0" ind2="0"><marc:subfield code="a">N7668.C3</marc:subfield><marc:subfield code="b">Z84 2007</marc:subfield></marc:datafield><marc:datafield tag="100" ind1="1" ind2=" "><marc:subfield code="a">Zuffi, Stefano,</marc:subfield><marc:subfield code="d">1961-</marc:subfield><marc:subfield code="0">http://id.loc.gov/authorities/names/nr91040366</marc:subfield></marc:datafield><marc:datafield tag="245" ind1="1" ind2="0"><marc:subfield code="a">Gatti nell'arte /</marc:subfield><marc:subfield code="c">Stefano Zuffi.</marc:subfield></marc:datafield><marc:datafield tag="260" ind1=" " ind2=" "><marc:subfield code="a">Schio (VI) [i.e. Vicenza, Italy] :</marc:subfield><marc:subfield code="b">Sassi,</marc:subfield><marc:subfield code="c">c2007.</marc:subfield></marc:datafield><marc:datafield tag="300" ind1=" " ind2=" "><marc:subfield code="a">360 p. :</marc:subfield><marc:subfield code="b">ill. (chiefly col.) ;</marc:subfield><marc:subfield code="c">24 cm.</marc:subfield></marc:datafield><marc:datafield tag="504" ind1=" " ind2=" "><marc:subfield code="a">Includes bibliographical references (p. 357).</marc:subfield></marc:datafield><marc:datafield tag="546" ind1=" " ind2=" "><marc:subfield code="a">Text in Czech and English; some also in German</marc:subfield></marc:datafield><marc:datafield tag="650" ind1=" " ind2="0"><marc:subfield code="a">Cats in art.</marc:subfield><marc:subfield code="0">http://id.loc.gov/authorities/subjects/sh85021279</marc:subfield></marc:datafield><marc:datafield tag="902" ind1=" " ind2=" "><marc:subfield code="a">jar</marc:subfield><marc:subfield code="b">l</marc:subfield><marc:subfield code="6">a</marc:subfield><marc:subfield code="7">m</marc:subfield><marc:subfield code="d">v</marc:subfield><marc:subfield code="f">1</marc:subfield><marc:subfield code="e">20080909</marc:subfield></marc:datafield><marc:datafield tag="904" ind1=" " ind2=" "><marc:subfield code="a">jar</marc:subfield><marc:subfield code="b">a</marc:subfield><marc:subfield code="h">m</marc:subfield><marc:subfield code="c">b</marc:subfield><marc:subfield code="e">20071227</marc:subfield></marc:datafield><marc:datafield tag="914" ind1=" " ind2=" "><marc:subfield code="a">(OCoLC)ocn127106941</marc:subfield><marc:subfield code="b">OCoLC</marc:subfield><marc:subfield code="c">match</marc:subfield><marc:subfield code="d">20240501</marc:subfield><marc:subfield code="e">processed</marc:subfield><marc:subfield code="f">127106941</marc:subfield></marc:datafield><marc:datafield tag="956" ind1="4" ind2="2"><marc:subfield code="u">http://www.ilibri.casalini.it/toc/07141769.pdf</marc:subfield><marc:subfield code="3">TOC</marc:subfield></marc:datafield><marc:datafield tag="979" ind1=" " ind2=" "><marc:subfield code="a">(OCoLC)ocn172956797</marc:subfield></marc:datafield></marc:record>