
<marc:record><marc:leader>04853cam a2200385 a 4500</marc:leader>
<marc:controlfield tag="001">9953281153506421</marc:controlfield>
<marc:controlfield tag="005">20240725052215.0</marc:controlfield><marc:controlfield tag="008">071202s2007    nyu           000 0 eng d</marc:controlfield><marc:datafield tag="020" ind1=" " ind2=" "><marc:subfield code="a">9781557837004</marc:subfield></marc:datafield><marc:datafield tag="020" ind1=" " ind2=" "><marc:subfield code="a">1557837007</marc:subfield></marc:datafield><marc:datafield tag="035" ind1=" " ind2=" "><marc:subfield code="a">(OrLoB)R9675976</marc:subfield></marc:datafield><marc:datafield tag="035" ind1=" " ind2=" "><marc:subfield code="a">(NjP)5328115-princetondb</marc:subfield></marc:datafield><marc:datafield tag="035" ind1=" " ind2=" "><marc:subfield code="z">(NjP)Voyager5328115</marc:subfield></marc:datafield><marc:datafield tag="035" ind1=" " ind2=" "><marc:subfield code="a">(OCoLC)ocn182521849</marc:subfield></marc:datafield><marc:datafield tag="040" ind1=" " ind2=" "><marc:subfield code="a">PIT</marc:subfield><marc:subfield code="b">eng</marc:subfield><marc:subfield code="c">PIT</marc:subfield><marc:subfield code="d">NjP</marc:subfield></marc:datafield><marc:datafield tag="090" ind1=" " ind2=" "><marc:subfield code="a">PN2080</marc:subfield><marc:subfield code="b">.O585 2007</marc:subfield></marc:datafield><marc:datafield tag="245" ind1="0" ind2="0"><marc:subfield code="a">One on one:</marc:subfield><marc:subfield code="b">the best women's monologues for the 21st century /</marc:subfield><marc:subfield code="c">edited by Joyce E. Henry, Rebecca Dunn Jaroff, Bob Shuman.</marc:subfield></marc:datafield><marc:datafield tag="246" ind1="3" ind2="1"><marc:subfield code="a">Best women's monologues for the twenty-first century.</marc:subfield></marc:datafield><marc:datafield tag="260" ind1=" " ind2=" "><marc:subfield code="a">New York :</marc:subfield><marc:subfield code="b">Applause Theatre &amp; Cinema Books,</marc:subfield><marc:subfield code="c">c2007.</marc:subfield></marc:datafield><marc:datafield tag="300" ind1=" " ind2=" "><marc:subfield code="a">xv, 271 p. ;</marc:subfield><marc:subfield code="c">20 cm.</marc:subfield></marc:datafield><marc:datafield tag="490" ind1="1" ind2=" "><marc:subfield code="a">Applause acting series</marc:subfield></marc:datafield><marc:datafield tag="505" ind1="0" ind2="0"><marc:subfield code="t">Are you ready? /</marc:subfield><marc:subfield code="r">David Auburn --</marc:subfield><marc:subfield code="t">At the vanishing point /</marc:subfield><marc:subfield code="r">Naomi Iizuka --</marc:subfield><marc:subfield code="t">Bad dates /</marc:subfield><marc:subfield code="r">Theresa Rebeck --</marc:subfield><marc:subfield code="t">The beginning of August /</marc:subfield><marc:subfield code="r">Tom Donaghy --</marc:subfield><marc:subfield code="t">Boys and girls /</marc:subfield><marc:subfield code="r">Tom Donaghy --</marc:subfield><marc:subfield code="t">Boxing it /</marc:subfield><marc:subfield code="r">Christine Emmert --</marc:subfield><marc:subfield code="t">Bunny's last night in limbo /</marc:subfield><marc:subfield code="r">Peter Petralia --</marc:subfield><marc:subfield code="t">The committee /</marc:subfield><marc:subfield code="r">Brian Dykstra --</marc:subfield><marc:subfield code="t">Communicating through the sunset /</marc:subfield><marc:subfield code="r">Kerri Kochanski --</marc:subfield><marc:subfield code="t">The dance /</marc:subfield><marc:subfield code="r">Lenning A Davis Jr. --</marc:subfield><marc:subfield code="t">Dead city /</marc:subfield><marc:subfield code="r">Sheila Callaghan --</marc:subfield><marc:subfield code="t">The Dianalogues /</marc:subfield><marc:subfield code="r">Laurel Haines --</marc:subfield><marc:subfield code="t">Dog assassin /</marc:subfield><marc:subfield code="r">Stephen A. Schrum --</marc:subfield><marc:subfield code="t">Dog my cats, or the stalker play /</marc:subfield><marc:subfield code="r">Gaylord Brewer --</marc:subfield><marc:subfield code="t">Dottie /</marc:subfield><marc:subfield code="r">Staci Swedeen --</marc:subfield><marc:subfield code="t">Elephant /</marc:subfield><marc:subfield code="r">Margie Stokley --</marc:subfield><marc:subfield code="t">The empty stage /</marc:subfield><marc:subfield code="r">Murray Schisgal --</marc:subfield><marc:subfield code="t">Enter the night /</marc:subfield><marc:subfield code="r">Maria Irene Fornes --</marc:subfield><marc:subfield code="t">Fabulation, or the re-education of Undine /</marc:subfield><marc:subfield code="r">Lynn Nottage --</marc:subfield><marc:subfield code="t">The face in the mirror /</marc:subfield><marc:subfield code="r">Phil Zwerling --</marc:subfield><marc:subfield code="t">Fat pig /</marc:subfield><marc:subfield code="r">Neil LaBute --</marc:subfield><marc:subfield code="t">Feather /</marc:subfield><marc:subfield code="r">Claudia Barnett --</marc:subfield><marc:subfield code="t">Fit for feet /</marc:subfield><marc:subfield code="r">Jordan Harrison --</marc:subfield><marc:subfield code="t">A Friday night Trans-Am ride /</marc:subfield><marc:subfield code="r">Andrea Moon --</marc:subfield><marc:subfield code="t">Gem of the oceam /</marc:subfield><marc:subfield code="r">August Wilson --</marc:subfield><marc:subfield code="t">The ghost moments /</marc:subfield><marc:subfield code="r">Randy Wyatt --</marc:subfield><marc:subfield code="t">Golda's balcony /</marc:subfield><marc:subfield code="r">William Gibson --</marc:subfield><marc:subfield code="t">Halo /</marc:subfield><marc:subfield code="r">Ken Urban --</marc:subfield><marc:subfield code="t">Heartbreaker /</marc:subfield><marc:subfield code="r">John Meyer --</marc:subfield><marc:subfield code="t">The highwayman /</marc:subfield><marc:subfield code="r">Julia Jarcho --</marc:subfield><marc:subfield code="t">House arrest /</marc:subfield><marc:subfield code="r">Anna Deavere Smith --</marc:subfield><marc:subfield code="t">Hypocrites and strippers /</marc:subfield><marc:subfield code="r">Kim Yaged --</marc:subfield><marc:subfield code="t">The intelligent design of Jenny Chow /</marc:subfield><marc:subfield code="r">Rolin Jones --</marc:subfield><marc:subfield code="t">Jesus hopped the A train /</marc:subfield><marc:subfield code="r">Stephen Adly Guirgis --</marc:subfield><marc:subfield code="t">Johnny behind the deuce /</marc:subfield><marc:subfield code="r">Lydia Lunch --</marc:subfield><marc:subfield code="t">Kalighat /</marc:subfield><marc:subfield code="r">Paul Knox --</marc:subfield><marc:subfield code="t">Kawaisoo (The pity of things) /</marc:subfield><marc:subfield code="r">Jason Grote.</marc:subfield></marc:datafield><marc:datafield tag="505" ind1="0" ind2="0"><marc:subfield code="t">Kid-simple /</marc:subfield><marc:subfield code="r">Jordan Harrison --</marc:subfield><marc:subfield code="t">The language of kisses /</marc:subfield><marc:subfield code="r">Edmund De Santis --</marc:subfield><marc:subfield code="t">Let it go /</marc:subfield><marc:subfield code="r">Crystal Field --</marc:subfield><marc:subfield code="t">Lola's vision /</marc:subfield><marc:subfield code="r">Stephen Fife --</marc:subfield><marc:subfield code="t">Lost and found /</marc:subfield><marc:subfield code="r">Dori Appel --</marc:subfield><marc:subfield code="t">Lot's daughters /</marc:subfield><marc:subfield code="r">Rebecca Basham --</marc:subfield><marc:subfield code="t">The ludicrous trial of Mr. P /</marc:subfield><marc:subfield code="r">Susan Yankowitz --</marc:subfield><marc:subfield code="t">Margo Veil: an entertainment /</marc:subfield><marc:subfield code="r">Len Jenkin --</marc:subfield><marc:subfield code="t">The Mercy seat /</marc:subfield><marc:subfield code="r">Neil LaBute --</marc:subfield><marc:subfield code="t">Message from the driver /</marc:subfield><marc:subfield code="r">Katie Bull --</marc:subfield><marc:subfield code="t">Miss Witherspoon /</marc:subfield><marc:subfield code="r">Christopher Durang --</marc:subfield><marc:subfield code="t">Mother to son /</marc:subfield><marc:subfield code="r">Winter Miller --</marc:subfield><marc:subfield code="t">New York /</marc:subfield><marc:subfield code="r">David Rimmer --</marc:subfield><marc:subfield code="t">Night train to Bolina /</marc:subfield><marc:subfield code="r">Nilo Cruz --</marc:subfield><marc:subfield code="t">Orange flower water /</marc:subfield><marc:subfield code="r">Craig Wright --</marc:subfield><marc:subfield code="t">Orange lemon egg canary /</marc:subfield><marc:subfield code="r">Rinne Groff --</marc:subfield><marc:subfield code="t">Our son's wedding /</marc:subfield><marc:subfield code="r">Donna de Matteo --</marc:subfield><marc:subfield code="t">Problem play /</marc:subfield><marc:subfield code="r">Thomas McCormack --</marc:subfield><marc:subfield code="t">Prophecy /</marc:subfield><marc:subfield code="r">Karen Malpede --</marc:subfield><marc:subfield code="t">Read the goddamn poem /</marc:subfield><marc:subfield code="r">Anne Elliott --</marc:subfield><marc:subfield code="t">Real pornography /</marc:subfield><marc:subfield code="r">Lydia Lunch --</marc:subfield><marc:subfield code="t">The rebirth /</marc:subfield><marc:subfield code="r">Lisa Soland --</marc:subfield><marc:subfield code="t">Rock the line /</marc:subfield><marc:subfield code="r">Kathleen Warnock --</marc:subfield><marc:subfield code="t">Sans-culottes in the promised land /</marc:subfield><marc:subfield code="r">Kirsten Greenidge --</marc:subfield><marc:subfield code="t">Scenes from an unfinished life /</marc:subfield><marc:subfield code="r">Leigh Kennicott --</marc:subfield><marc:subfield code="t">Second /</marc:subfield><marc:subfield code="r">Neal Utterback --</marc:subfield><marc:subfield code="t">The secret of life /</marc:subfield><marc:subfield code="r">David Simpatico --</marc:subfield><marc:subfield code="t">Separation anxiety /</marc:subfield><marc:subfield code="r">June Rifkin --</marc:subfield><marc:subfield code="t">Silence /</marc:subfield><marc:subfield code="r">Brian Dykstra --</marc:subfield><marc:subfield code="t">The six that fell /</marc:subfield><marc:subfield code="r">Laura Henry --</marc:subfield><marc:subfield code="t">Small domestic acts /</marc:subfield><marc:subfield code="r">Joan Lipkin --</marc:subfield><marc:subfield code="t">Some girl(s) /</marc:subfield><marc:subfield code="r">Neil LaBute --</marc:subfield><marc:subfield code="t">Songs of the dragons flying to heaven /</marc:subfield><marc:subfield code="r">Young Jean Lee --</marc:subfield><marc:subfield code="t">Soul healing /</marc:subfield><marc:subfield code="r">Bob Shuman --</marc:subfield><marc:subfield code="t">Souvenir /</marc:subfield><marc:subfield code="r">Stephen Temperley --</marc:subfield><marc:subfield code="t">Spine /</marc:subfield><marc:subfield code="r">Jessie Mc Cormack --</marc:subfield><marc:subfield code="t">String fever /</marc:subfield><marc:subfield code="r">Jacquelyn Reingold --</marc:subfield><marc:subfield code="t">Teotwawki /</marc:subfield><marc:subfield code="r">Jo J. Adamson --</marc:subfield><marc:subfield code="t">Train story /</marc:subfield><marc:subfield code="r">Adam Rapp --</marc:subfield><marc:subfield code="t">The 29 questions project /</marc:subfield><marc:subfield code="r">Hillary Rollins --</marc:subfield><marc:subfield code="t">A visit to the archive /</marc:subfield><marc:subfield code="r">Holly Hughes --</marc:subfield><marc:subfield code="t">Waiting /</marc:subfield><marc:subfield code="r">Lisa Soland --</marc:subfield><marc:subfield code="t">War of nerves /</marc:subfield><marc:subfield code="r">Stephen Fife --</marc:subfield><marc:subfield code="t">When Grace comes in /</marc:subfield><marc:subfield code="r">Heather McDonald --</marc:subfield><marc:subfield code="t">White Russian /</marc:subfield><marc:subfield code="r">Joseph Goodrich --</marc:subfield><marc:subfield code="t">Yemaya's belly /</marc:subfield><marc:subfield code="r">Quiara Alegria Hudes --</marc:subfield><marc:subfield code="t">Yit, ngay (one, two) /</marc:subfield><marc:subfield code="r">Michael Lew.</marc:subfield></marc:datafield><marc:datafield tag="546" ind1=" " ind2=" "><marc:subfield code="a">Chiefly in Arabic; introduction and some selections in Persian.</marc:subfield></marc:datafield><marc:datafield tag="650" ind1=" " ind2="0"><marc:subfield code="a">Monologues.</marc:subfield><marc:subfield code="0">http://id.loc.gov/authorities/subjects/sh85086917</marc:subfield></marc:datafield><marc:datafield tag="650" ind1=" " ind2="0"><marc:subfield code="a">Acting.</marc:subfield><marc:subfield code="0">http://id.loc.gov/authorities/subjects/sh85000691</marc:subfield></marc:datafield><marc:datafield tag="650" ind1=" " ind2="0"><marc:subfield code="a">Drama</marc:subfield><marc:subfield code="y">21st century.</marc:subfield><marc:subfield code="0">http://id.loc.gov/authorities/subjects/sh99010781</marc:subfield></marc:datafield><marc:datafield tag="700" ind1="1" ind2=" "><marc:subfield code="a">Henry, Joyce E.</marc:subfield><marc:subfield code="0">http://id.loc.gov/authorities/names/n2004032719</marc:subfield></marc:datafield><marc:datafield tag="700" ind1="1" ind2=" "><marc:subfield code="a">Jaroff, Rebecca Dunn.</marc:subfield><marc:subfield code="0">http://id.loc.gov/authorities/names/no2007158431</marc:subfield></marc:datafield><marc:datafield tag="700" ind1="1" ind2=" "><marc:subfield code="a">Shuman, Bob.</marc:subfield><marc:subfield code="0">http://id.loc.gov/authorities/names/n2007055376</marc:subfield></marc:datafield><marc:datafield tag="830" ind1=" " ind2="0"><marc:subfield code="a">Applause acting series</marc:subfield></marc:datafield><marc:datafield tag="902" ind1=" " ind2=" "><marc:subfield code="a">df</marc:subfield><marc:subfield code="b">m</marc:subfield><marc:subfield code="6">a</marc:subfield><marc:subfield code="7">m</marc:subfield><marc:subfield code="d">v</marc:subfield><marc:subfield code="f">1</marc:subfield><marc:subfield code="e">20071218</marc:subfield></marc:datafield><marc:datafield tag="904" ind1=" " ind2=" "><marc:subfield code="a">kl</marc:subfield><marc:subfield code="b">a</marc:subfield><marc:subfield code="h">m</marc:subfield><marc:subfield code="c">b</marc:subfield><marc:subfield code="e">20071217</marc:subfield></marc:datafield><marc:datafield tag="914" ind1=" " ind2=" "><marc:subfield code="a">(OCoLC)ocn182521849</marc:subfield><marc:subfield code="b">OCoLC</marc:subfield><marc:subfield code="c">match</marc:subfield><marc:subfield code="d">20240717</marc:subfield><marc:subfield code="e">processed</marc:subfield><marc:subfield code="f">182521849</marc:subfield></marc:datafield><marc:datafield tag="999" ind1=" " ind2=" "><marc:subfield code="a">5328115</marc:subfield></marc:datafield></marc:record>