
<marc:record><marc:leader>01368cam a2200337 a 4500</marc:leader>
<marc:controlfield tag="001">9953342893506421</marc:controlfield>
<marc:controlfield tag="005">20240812111847.0</marc:controlfield><marc:controlfield tag="008">071212s2007    nyu           000 1 eng d</marc:controlfield><marc:datafield tag="020" ind1=" " ind2=" "><marc:subfield code="a">0061123951 (acid-free paper)</marc:subfield></marc:datafield><marc:datafield tag="020" ind1=" " ind2=" "><marc:subfield code="a">9780061123955 (acid-free paper)</marc:subfield></marc:datafield><marc:datafield tag="035" ind1=" " ind2=" "><marc:subfield code="a">(OrLoB)R1676728</marc:subfield></marc:datafield><marc:datafield tag="035" ind1=" " ind2=" "><marc:subfield code="a">(NjP)5334289-princetondb</marc:subfield></marc:datafield><marc:datafield tag="035" ind1=" " ind2=" "><marc:subfield code="a">(OCoLC)ocn173845406</marc:subfield></marc:datafield><marc:datafield tag="035" ind1=" " ind2=" "><marc:subfield code="z">(NjP)Voyager5334289</marc:subfield></marc:datafield><marc:datafield tag="040" ind1=" " ind2=" "><marc:subfield code="a">UPZ</marc:subfield><marc:subfield code="b">eng</marc:subfield><marc:subfield code="c">UPZ</marc:subfield><marc:subfield code="d">BAKER</marc:subfield><marc:subfield code="d">BTCTA</marc:subfield><marc:subfield code="d">YDXCP</marc:subfield><marc:subfield code="d">WIQ</marc:subfield><marc:subfield code="d">MR0</marc:subfield><marc:subfield code="d">VP@</marc:subfield><marc:subfield code="d">NjP</marc:subfield></marc:datafield><marc:datafield tag="043" ind1=" " ind2=" "><marc:subfield code="a">n-us-ca</marc:subfield></marc:datafield><marc:datafield tag="050" ind1=" " ind2="4"><marc:subfield code="a">PS3563.U7619</marc:subfield><marc:subfield code="b">C3525 2007</marc:subfield></marc:datafield><marc:datafield tag="100" ind1="1" ind2=" "><marc:subfield code="a">Murphy, Shirley Rousseau.</marc:subfield><marc:subfield code="0">http://id.loc.gov/authorities/names/n80003969</marc:subfield></marc:datafield><marc:datafield tag="245" ind1="1" ind2="0"><marc:subfield code="a">Cat deck the halls :</marc:subfield><marc:subfield code="b">a Joe Grey mystery /</marc:subfield><marc:subfield code="c">Shirley Rousseau Murphy.</marc:subfield></marc:datafield><marc:datafield tag="250" ind1=" " ind2=" "><marc:subfield code="a">1st ed.</marc:subfield></marc:datafield><marc:datafield tag="260" ind1=" " ind2=" "><marc:subfield code="a">New York :</marc:subfield><marc:subfield code="b">William Morrow,</marc:subfield><marc:subfield code="c">c2007.</marc:subfield></marc:datafield><marc:datafield tag="300" ind1=" " ind2=" "><marc:subfield code="a">343 p. ;</marc:subfield><marc:subfield code="c">22 cm.</marc:subfield></marc:datafield><marc:datafield tag="546" ind1=" " ind2=" "><marc:subfield code="a">Chiefly in English with some Chinese in appendix.</marc:subfield></marc:datafield><marc:datafield tag="650" ind1=" " ind2="0"><marc:subfield code="a">Grey, Joe (Fictitious character)</marc:subfield><marc:subfield code="v">Fiction.</marc:subfield></marc:datafield><marc:datafield tag="650" ind1=" " ind2="0"><marc:subfield code="a">Cats</marc:subfield><marc:subfield code="v">Fiction.</marc:subfield><marc:subfield code="0">http://id.loc.gov/authorities/subjects/sh2008100164</marc:subfield></marc:datafield><marc:datafield tag="651" ind1=" " ind2="0"><marc:subfield code="a">California</marc:subfield><marc:subfield code="v">Fiction.</marc:subfield><marc:subfield code="0">http://id.loc.gov/authorities/subjects/sh2008100053</marc:subfield></marc:datafield><marc:datafield tag="655" ind1=" " ind2="7"><marc:subfield code="a">Fiction.</marc:subfield><marc:subfield code="2">lcgft</marc:subfield><marc:subfield code="0">http://id.loc.gov/authorities/genreForms/gf2014026339</marc:subfield></marc:datafield><marc:datafield tag="902" ind1=" " ind2=" "><marc:subfield code="a">df</marc:subfield><marc:subfield code="b">m</marc:subfield><marc:subfield code="6">a</marc:subfield><marc:subfield code="7">m</marc:subfield><marc:subfield code="d">v</marc:subfield><marc:subfield code="f">1</marc:subfield><marc:subfield code="e">20080102</marc:subfield></marc:datafield><marc:datafield tag="904" ind1=" " ind2=" "><marc:subfield code="a">kl</marc:subfield><marc:subfield code="b">a</marc:subfield><marc:subfield code="h">m</marc:subfield><marc:subfield code="c">b</marc:subfield><marc:subfield code="e">20071226</marc:subfield></marc:datafield><marc:datafield tag="914" ind1=" " ind2=" "><marc:subfield code="a">(OCoLC)ocn173845406</marc:subfield><marc:subfield code="b">OCoLC</marc:subfield><marc:subfield code="c">match</marc:subfield><marc:subfield code="d">20221117</marc:subfield><marc:subfield code="e">processed</marc:subfield><marc:subfield code="f">173845406</marc:subfield></marc:datafield><marc:datafield tag="999" ind1=" " ind2=" "><marc:subfield code="a">5334289</marc:subfield></marc:datafield></marc:record>