
<marc:record><marc:leader>05769cam a2200721 a 4500</marc:leader>
<marc:controlfield tag="001">9953383123506421</marc:controlfield>
<marc:controlfield tag="005">20240509045456.0</marc:controlfield><marc:controlfield tag="008">070320s2008    iluab    b    000 0deng  </marc:controlfield><marc:datafield tag="010" ind1=" " ind2=" "><marc:subfield code="a">  2007011573</marc:subfield></marc:datafield><marc:datafield tag="015" ind1=" " ind2=" "><marc:subfield code="a">GBA774816</marc:subfield><marc:subfield code="2">bnb</marc:subfield></marc:datafield><marc:datafield tag="016" ind1="7" ind2=" "><marc:subfield code="a">013950075</marc:subfield><marc:subfield code="2">Uk</marc:subfield></marc:datafield><marc:datafield tag="019" ind1=" " ind2=" "><marc:subfield code="a">1022701175</marc:subfield><marc:subfield code="a">1201011754</marc:subfield><marc:subfield code="a">1201011755</marc:subfield><marc:subfield code="a">1201974061</marc:subfield><marc:subfield code="a">1201998359</marc:subfield></marc:datafield><marc:datafield tag="020" ind1=" " ind2=" "><marc:subfield code="a">9780226680583</marc:subfield><marc:subfield code="q">(hardcover ;</marc:subfield><marc:subfield code="q">alk. paper)</marc:subfield></marc:datafield><marc:datafield tag="020" ind1=" " ind2=" "><marc:subfield code="a">0226680584</marc:subfield><marc:subfield code="q">(hardcover ;</marc:subfield><marc:subfield code="q">alk. paper)</marc:subfield></marc:datafield><marc:datafield tag="020" ind1=" " ind2=" "><marc:subfield code="a">9780226680590</marc:subfield><marc:subfield code="q">(pbk. ;</marc:subfield><marc:subfield code="q">alk. paper)</marc:subfield></marc:datafield><marc:datafield tag="020" ind1=" " ind2=" "><marc:subfield code="a">0226680592</marc:subfield><marc:subfield code="q">(pbk. ;</marc:subfield><marc:subfield code="q">alk. paper)</marc:subfield></marc:datafield><marc:datafield tag="035" ind1=" " ind2=" "><marc:subfield code="a">(NjP)5338312-princetondb</marc:subfield></marc:datafield><marc:datafield tag="035" ind1=" " ind2=" "><marc:subfield code="z">(NjP)Voyager5338312</marc:subfield></marc:datafield><marc:datafield tag="035" ind1=" " ind2=" "><marc:subfield code="a">(OCoLC)ocn105437970</marc:subfield></marc:datafield><marc:datafield tag="040" ind1=" " ind2=" "><marc:subfield code="a">DLC</marc:subfield><marc:subfield code="b">eng</marc:subfield><marc:subfield code="c">DLC</marc:subfield><marc:subfield code="d">BAKER</marc:subfield><marc:subfield code="d">BTCTA</marc:subfield><marc:subfield code="d">UKM</marc:subfield><marc:subfield code="d">YDXCP</marc:subfield><marc:subfield code="d">C#P</marc:subfield><marc:subfield code="d">IXA</marc:subfield><marc:subfield code="d">HLS</marc:subfield><marc:subfield code="d">CUS</marc:subfield><marc:subfield code="d">OCLCQ</marc:subfield><marc:subfield code="d">YAM</marc:subfield><marc:subfield code="d">BDX</marc:subfield><marc:subfield code="d">OCLCQ</marc:subfield><marc:subfield code="d">UEJ</marc:subfield><marc:subfield code="d">L2U</marc:subfield><marc:subfield code="d">OCLCQ</marc:subfield><marc:subfield code="d">OCLCO</marc:subfield><marc:subfield code="d">OCLCF</marc:subfield><marc:subfield code="d">UKMGB</marc:subfield><marc:subfield code="d">GDC</marc:subfield><marc:subfield code="d">OCL</marc:subfield><marc:subfield code="d">YBM</marc:subfield><marc:subfield code="d">VVB</marc:subfield><marc:subfield code="d">ZGM</marc:subfield><marc:subfield code="d">IL4J6</marc:subfield><marc:subfield code="d">COM</marc:subfield><marc:subfield code="d">OCLCO</marc:subfield><marc:subfield code="d">OCLCL</marc:subfield></marc:datafield><marc:datafield tag="043" ind1=" " ind2=" "><marc:subfield code="a">s-fg---</marc:subfield><marc:subfield code="a">s-sr---</marc:subfield></marc:datafield><marc:datafield tag="050" ind1="0" ind2="0"><marc:subfield code="a">F2431.S7</marc:subfield><marc:subfield code="b">.A547 2008</marc:subfield></marc:datafield><marc:datafield tag="082" ind1="0" ind2="0"><marc:subfield code="a">988.3/00496</marc:subfield><marc:subfield code="a">B</marc:subfield><marc:subfield code="2">22</marc:subfield></marc:datafield><marc:datafield tag="100" ind1="1" ind2=" "><marc:subfield code="a">Price, Richard,</marc:subfield><marc:subfield code="d">1941-</marc:subfield><marc:subfield code="1">https://id.oclc.org/worldcat/entity/E39PBJrGwHwKr78CMxJqkX9Yyd</marc:subfield></marc:datafield><marc:datafield tag="245" ind1="1" ind2="0"><marc:subfield code="a">Travels with Tooy :</marc:subfield><marc:subfield code="b">history, memory, and the African American imagination /</marc:subfield><marc:subfield code="c">Richard Price.</marc:subfield></marc:datafield><marc:datafield tag="260" ind1=" " ind2=" "><marc:subfield code="a">Chicago :</marc:subfield><marc:subfield code="b">University of Chicago Press,</marc:subfield><marc:subfield code="c">2008.</marc:subfield></marc:datafield><marc:datafield tag="300" ind1=" " ind2=" "><marc:subfield code="a">xi, 452 pages :</marc:subfield><marc:subfield code="b">illustrations, maps ;</marc:subfield><marc:subfield code="c">24 cm</marc:subfield></marc:datafield><marc:datafield tag="504" ind1=" " ind2=" "><marc:subfield code="a">Includes bibliographical references (p. [439]-446).</marc:subfield></marc:datafield><marc:datafield tag="505" ind1="0" ind2=" "><marc:subfield code="a">Martinique -- The soldier's charm -- Sea gods 00000000 -- Dúnguláli-Óbia -- The beach at cock's crow -- Night of the cats -- End of the road -- Tooy possessed -- Enstoolment -- Mother Africa 1690/1712 -- New World beginnings 1712 -- The pink house -- Gweyúnga, the rain priest 1690/1754 -- Antamá at war -- The soldier's tale -- Thunder axes -- Master of the house -- Storm clouds -- Sex, magic, and murder -- Friction -- Sángono mi tóala! 1760/1763 -- The namesake 1848/1931 -- Frenchwoman's revenge -- Tampáki 1900/2005 -- Palimpsests 1604/1837/1841/1863/2001 -- Antamá the óbia-man 1771/1800 -- Chronology 1933/1970 -- My first-time museum 1690/2007 -- The trial -- Grounds for appeal? -- The prison -- The wetlands at Kaw -- Tembái's village -- Fleeing trumps standing -- Politics -- Tooy teaching. 1, Mostly Luángu and Púmbu -- Tooy teaching. 2, Mostly Papá -- Tooy teaching. 3, Komantí, Wénti, and more -- Dúnuyángi takes over -- Goodbyes -- Knocking the stone -- Reflections from the verandah -- Coda: Esoteric language -- Dramatis personae.</marc:subfield></marc:datafield><marc:datafield tag="520" ind1=" " ind2=" "><marc:subfield code="a">Thirty-five years into his research among the descendants of rebel slaves living in the South American rain forest, anthropologist Richard Price encountered Tooy, a priest, philosopher, and healer living in a rough shantytown on the outskirts of Cayenne, French Guiana. Tooy is a time traveler who crosses boundaries between centuries, continents, the worlds of the living and the dead, and the visible and invisible. With an innovative blend of storytelling and scholarship, Travels with Tooy recounts the mutually enlightening and mind-expanding journeys of these two intellectuals. Included on the itinerary for this hallucinatory expedition: forays into the eighteenth century to talk with slaves newly arrived from Africa; leaps into the midst of battles against colonial armies; close encounters with double agents and femme fatale forest spirits; and trips underwater to speak to the comely sea gods who control the world's money supply. This enchanting book draws on Price's long-term ethnographic and archival research, but above all on Tooy's teachings, songs, stories, and secret languages to explore how Africans in the Americas have created marvelous new worlds of the imagination.</marc:subfield></marc:datafield><marc:datafield tag="546" ind1=" " ind2=" "><marc:subfield code="a">Summary and table of contents also in French.</marc:subfield></marc:datafield><marc:datafield tag="650" ind1=" " ind2="0"><marc:subfield code="a">Saramacca (Surinamese people)</marc:subfield><marc:subfield code="v">Biography.</marc:subfield></marc:datafield><marc:datafield tag="650" ind1=" " ind2="0"><marc:subfield code="a">Saramacca (Surinamese people)</marc:subfield><marc:subfield code="x">Rites and ceremonies.</marc:subfield></marc:datafield><marc:datafield tag="650" ind1=" " ind2="0"><marc:subfield code="a">Saramacca (Surinamese people)</marc:subfield><marc:subfield code="x">Relocation</marc:subfield><marc:subfield code="z">French Guiana</marc:subfield><marc:subfield code="z">Cayenne Region.</marc:subfield></marc:datafield><marc:datafield tag="650" ind1=" " ind2="0"><marc:subfield code="a">Shamanism</marc:subfield><marc:subfield code="z">French Guiana</marc:subfield><marc:subfield code="z">Cayenne Region.</marc:subfield></marc:datafield><marc:datafield tag="650" ind1=" " ind2="6"><marc:subfield code="a">Saramacca (Peuple du Suriname)</marc:subfield><marc:subfield code="v">Biographies.</marc:subfield></marc:datafield><marc:datafield tag="650" ind1=" " ind2="6"><marc:subfield code="a">Saramacca (Peuple du Suriname)</marc:subfield><marc:subfield code="x">Rites et cérémonies.</marc:subfield></marc:datafield><marc:datafield tag="650" ind1=" " ind2="7"><marc:subfield code="a">Manners and customs.</marc:subfield><marc:subfield code="2">fast</marc:subfield><marc:subfield code="0">(OCoLC)fst01007815</marc:subfield></marc:datafield><marc:datafield tag="650" ind1=" " ind2="7"><marc:subfield code="a">Saramacca (Surinamese people)</marc:subfield><marc:subfield code="2">fast</marc:subfield><marc:subfield code="0">(OCoLC)fst01105440</marc:subfield></marc:datafield><marc:datafield tag="650" ind1=" " ind2="7"><marc:subfield code="a">Shamanism.</marc:subfield><marc:subfield code="2">fast</marc:subfield><marc:subfield code="0">(OCoLC)fst01115159</marc:subfield></marc:datafield><marc:datafield tag="650" ind1=" " ind2="7"><marc:subfield code="a">Saramacca (Surinamese people)</marc:subfield><marc:subfield code="v">Biography.</marc:subfield><marc:subfield code="2">nli</marc:subfield></marc:datafield><marc:datafield tag="650" ind1=" " ind2="7"><marc:subfield code="a">Saramacca (Surinamese people)</marc:subfield><marc:subfield code="x">Rites and ceremonies.</marc:subfield><marc:subfield code="2">nli</marc:subfield></marc:datafield><marc:datafield tag="650" ind1=" " ind2="7"><marc:subfield code="a">Saramacca (Surinamese people)</marc:subfield><marc:subfield code="x">Relocation</marc:subfield><marc:subfield code="z">French Guiana</marc:subfield><marc:subfield code="z">Cayenne Region.</marc:subfield><marc:subfield code="2">nli</marc:subfield></marc:datafield><marc:datafield tag="650" ind1=" " ind2="7"><marc:subfield code="a">Shamanism</marc:subfield><marc:subfield code="z">French Guiana</marc:subfield><marc:subfield code="z">Cayenne Region.</marc:subfield><marc:subfield code="2">nli</marc:subfield></marc:datafield><marc:datafield tag="651" ind1=" " ind2="0"><marc:subfield code="a">Cayenne Region (French Guiana)</marc:subfield><marc:subfield code="x">Religious life and customs.</marc:subfield></marc:datafield><marc:datafield tag="651" ind1=" " ind2="0"><marc:subfield code="a">Cayenne Region (French Guiana)</marc:subfield><marc:subfield code="x">Social life and customs.</marc:subfield></marc:datafield><marc:datafield tag="651" ind1=" " ind2="7"><marc:subfield code="a">French Guiana</marc:subfield><marc:subfield code="z">Cayenne Region.</marc:subfield><marc:subfield code="2">fast</marc:subfield><marc:subfield code="0">(OCoLC)fst01344843</marc:subfield></marc:datafield><marc:datafield tag="651" ind1=" " ind2="7"><marc:subfield code="a">Cayenne Region (French Guiana)</marc:subfield><marc:subfield code="x">Religious life and customs.</marc:subfield><marc:subfield code="2">nli</marc:subfield></marc:datafield><marc:datafield tag="651" ind1=" " ind2="7"><marc:subfield code="a">Cayenne Region (French Guiana)</marc:subfield><marc:subfield code="x">Social life and customs.</marc:subfield><marc:subfield code="2">nli</marc:subfield></marc:datafield><marc:datafield tag="655" ind1=" " ind2="2"><marc:subfield code="a">Biography</marc:subfield></marc:datafield><marc:datafield tag="655" ind1=" " ind2="7"><marc:subfield code="a">Biographies.</marc:subfield><marc:subfield code="2">fast</marc:subfield><marc:subfield code="0">(OCoLC)fst01919896</marc:subfield></marc:datafield><marc:datafield tag="655" ind1=" " ind2="7"><marc:subfield code="a">Biographies.</marc:subfield><marc:subfield code="2">lcgft</marc:subfield></marc:datafield><marc:datafield tag="655" ind1=" " ind2="7"><marc:subfield code="a">Biographies.</marc:subfield><marc:subfield code="2">rvmgf</marc:subfield></marc:datafield><marc:datafield tag="600" ind1="1" ind2="0"><marc:subfield code="a">Alexander, Tooy.</marc:subfield></marc:datafield><marc:datafield tag="600" ind1="1" ind2="4"><marc:subfield code="a">Alexander, Tooy.</marc:subfield></marc:datafield><marc:datafield tag="600" ind1="1" ind2="7"><marc:subfield code="a">Alexander, Tooy.</marc:subfield><marc:subfield code="2">fast</marc:subfield><marc:subfield code="0">(OCoLC)fst01670167</marc:subfield></marc:datafield><marc:datafield tag="600" ind1="1" ind2="7"><marc:subfield code="a">Alexander, Tooy.</marc:subfield><marc:subfield code="2">nli</marc:subfield></marc:datafield><marc:datafield tag="902" ind1=" " ind2=" "><marc:subfield code="a">yj</marc:subfield><marc:subfield code="b">s</marc:subfield><marc:subfield code="6">a</marc:subfield><marc:subfield code="7">m</marc:subfield><marc:subfield code="d">v</marc:subfield><marc:subfield code="f">1</marc:subfield><marc:subfield code="e">20080111</marc:subfield></marc:datafield><marc:datafield tag="904" ind1=" " ind2=" "><marc:subfield code="a">yj</marc:subfield><marc:subfield code="b">a</marc:subfield><marc:subfield code="h">m</marc:subfield><marc:subfield code="c">b</marc:subfield><marc:subfield code="e">20080111</marc:subfield></marc:datafield><marc:datafield tag="914" ind1=" " ind2=" "><marc:subfield code="a">(OCoLC)ocn105437970</marc:subfield><marc:subfield code="b">OCoLC</marc:subfield><marc:subfield code="c">match</marc:subfield><marc:subfield code="d">20240508</marc:subfield><marc:subfield code="e">processed</marc:subfield><marc:subfield code="f">105437970</marc:subfield></marc:datafield><marc:datafield tag="956" ind1="4" ind2="1"><marc:subfield code="3">Table of contents only</marc:subfield><marc:subfield code="u">http://www.loc.gov/catdir/toc/ecip0714/2007011573.html</marc:subfield></marc:datafield><marc:datafield tag="956" ind1="4" ind2="2"><marc:subfield code="3">Contributor biographical information</marc:subfield><marc:subfield code="u">http://www.loc.gov/catdir/enhancements/fy0714/2007011573-b.html</marc:subfield></marc:datafield><marc:datafield tag="956" ind1="4" ind2="2"><marc:subfield code="3">Publisher description</marc:subfield><marc:subfield code="u">http://www.loc.gov/catdir/enhancements/fy0732/2007011573-d.html</marc:subfield></marc:datafield></marc:record>