
<marc:record><marc:leader>01154cam a22003014a 4500</marc:leader>
<marc:controlfield tag="001">9953414093506421</marc:controlfield>
<marc:controlfield tag="005">20240812111840.0</marc:controlfield><marc:controlfield tag="008">070221s2007    gw a          000 0 ger c</marc:controlfield><marc:datafield tag="016" ind1="7" ind2=" "><marc:subfield code="a">98152219X</marc:subfield><marc:subfield code="2">GyFmDB</marc:subfield></marc:datafield><marc:datafield tag="020" ind1=" " ind2=" "><marc:subfield code="a">9783939583103 (hd.bd.)</marc:subfield></marc:datafield><marc:datafield tag="020" ind1=" " ind2=" "><marc:subfield code="a">3939583103 (hd.bd.)</marc:subfield></marc:datafield><marc:datafield tag="035" ind1=" " ind2=" "><marc:subfield code="a">(NjP)5341409-princetondb</marc:subfield></marc:datafield><marc:datafield tag="035" ind1=" " ind2=" "><marc:subfield code="a">(OCoLC)ocm82900556</marc:subfield></marc:datafield><marc:datafield tag="035" ind1=" " ind2=" "><marc:subfield code="z">(NjP)Voyager5341409</marc:subfield></marc:datafield><marc:datafield tag="040" ind1=" " ind2=" "><marc:subfield code="a">COO</marc:subfield><marc:subfield code="b">eng</marc:subfield><marc:subfield code="c">COO</marc:subfield><marc:subfield code="d">OHX</marc:subfield></marc:datafield><marc:datafield tag="042" ind1=" " ind2=" "><marc:subfield code="a">pcc</marc:subfield></marc:datafield><marc:datafield tag="050" ind1=" " ind2="4"><marc:subfield code="a">N7668.C3</marc:subfield><marc:subfield code="b">A94 2007</marc:subfield></marc:datafield><marc:datafield tag="072" ind1=" " ind2="7"><marc:subfield code="a">N</marc:subfield><marc:subfield code="2">lcco</marc:subfield></marc:datafield><marc:datafield tag="245" ind1="0" ind2="0"><marc:subfield code="a">Auf leisen Pfoten :</marc:subfield><marc:subfield code="b">die Katze in der Kunst /</marc:subfield><marc:subfield code="c">[Herausgeber: Stadt Karlsruhe - Städtische Galerie].</marc:subfield></marc:datafield><marc:datafield tag="260" ind1=" " ind2=" "><marc:subfield code="a">Heidelberg :</marc:subfield><marc:subfield code="b">Kehrer,</marc:subfield><marc:subfield code="c">2007.</marc:subfield></marc:datafield><marc:datafield tag="300" ind1=" " ind2=" "><marc:subfield code="a">252 p. :</marc:subfield><marc:subfield code="b">many ill. (chiefly col.) ;</marc:subfield><marc:subfield code="c">29 cm.</marc:subfield></marc:datafield><marc:datafield tag="546" ind1=" " ind2=" "><marc:subfield code="a">German.</marc:subfield></marc:datafield><marc:datafield tag="650" ind1=" " ind2="0"><marc:subfield code="a">Cats in art.</marc:subfield><marc:subfield code="0">http://id.loc.gov/authorities/subjects/sh85021279</marc:subfield></marc:datafield><marc:datafield tag="650" ind1=" " ind2="0"><marc:subfield code="a">Cats</marc:subfield><marc:subfield code="x">Painting.</marc:subfield><marc:subfield code="0">http://id.loc.gov/authorities/subjects/sh2003005429</marc:subfield></marc:datafield><marc:datafield tag="710" ind1="2" ind2=" "><marc:subfield code="a">Städtische Galerie Karlsruhe (1997- )</marc:subfield><marc:subfield code="0">http://id.loc.gov/authorities/names/n2002160763</marc:subfield></marc:datafield><marc:datafield tag="902" ind1=" " ind2=" "><marc:subfield code="a">msw</marc:subfield><marc:subfield code="b">l</marc:subfield><marc:subfield code="6">a</marc:subfield><marc:subfield code="7">m</marc:subfield><marc:subfield code="d">v</marc:subfield><marc:subfield code="f">1</marc:subfield><marc:subfield code="e">20080321</marc:subfield></marc:datafield><marc:datafield tag="904" ind1=" " ind2=" "><marc:subfield code="a">cjf</marc:subfield><marc:subfield code="b">o</marc:subfield><marc:subfield code="h">m</marc:subfield><marc:subfield code="c">b</marc:subfield><marc:subfield code="e">20080102</marc:subfield></marc:datafield><marc:datafield tag="914" ind1=" " ind2=" "><marc:subfield code="a">(OCoLC)ocm82900556</marc:subfield><marc:subfield code="b">OCoLC</marc:subfield><marc:subfield code="c">match</marc:subfield><marc:subfield code="d">20221117</marc:subfield><marc:subfield code="e">processed</marc:subfield><marc:subfield code="f">82900556</marc:subfield></marc:datafield></marc:record>