
<marc:record><marc:leader>02827pam a22003374a 4500</marc:leader>
<marc:controlfield tag="001">9953572613506421</marc:controlfield>
<marc:controlfield tag="005">20240502064619.0</marc:controlfield><marc:controlfield tag="008">070904s2008    hiua     b   s001 1 eng  </marc:controlfield><marc:datafield tag="010" ind1=" " ind2=" "><marc:subfield code="a">  2007036745</marc:subfield></marc:datafield><marc:datafield tag="020" ind1=" " ind2=" "><marc:subfield code="a">9780824832421 (hardcover : alk. paper)</marc:subfield></marc:datafield><marc:datafield tag="020" ind1=" " ind2=" "><marc:subfield code="a">0824832426 (hardcover : alk. paper)</marc:subfield></marc:datafield><marc:datafield tag="035" ind1=" " ind2=" "><marc:subfield code="a">(NjP)5357261-princetondb</marc:subfield></marc:datafield><marc:datafield tag="035" ind1=" " ind2=" "><marc:subfield code="z">(NjP)Voyager5357261</marc:subfield></marc:datafield><marc:datafield tag="035" ind1=" " ind2=" "><marc:subfield code="a">(OCoLC)ocn171613788</marc:subfield></marc:datafield><marc:datafield tag="040" ind1=" " ind2=" "><marc:subfield code="a">DLC</marc:subfield><marc:subfield code="b">eng</marc:subfield><marc:subfield code="c">DLC</marc:subfield><marc:subfield code="d">BAKER</marc:subfield><marc:subfield code="d">C#P</marc:subfield></marc:datafield><marc:datafield tag="041" ind1="1" ind2=" "><marc:subfield code="a">eng</marc:subfield><marc:subfield code="h">jpn</marc:subfield></marc:datafield><marc:datafield tag="050" ind1="0" ind2="0"><marc:subfield code="a">PL782.E8</marc:subfield><marc:subfield code="b">M59 2008</marc:subfield></marc:datafield><marc:datafield tag="082" ind1="0" ind2="0"><marc:subfield code="a">895.6/34409112</marc:subfield><marc:subfield code="2">22</marc:subfield></marc:datafield><marc:datafield tag="245" ind1="0" ind2="0"><marc:subfield code="a">Modanizumu :</marc:subfield><marc:subfield code="b">modernist fiction from Japan, 1913-1938 /</marc:subfield><marc:subfield code="c">compiled and edited, with introductions and commentary, by William J. Tyler.</marc:subfield></marc:datafield><marc:datafield tag="260" ind1=" " ind2=" "><marc:subfield code="a">Honolulu :</marc:subfield><marc:subfield code="b">University of Hawai'i Press,</marc:subfield><marc:subfield code="c">c2008.</marc:subfield></marc:datafield><marc:datafield tag="300" ind1=" " ind2=" "><marc:subfield code="a">xii, 605 p. :</marc:subfield><marc:subfield code="b">ill. ;</marc:subfield><marc:subfield code="c">24 cm.</marc:subfield></marc:datafield><marc:datafield tag="504" ind1=" " ind2=" "><marc:subfield code="a">Includes bibliographical references (p. 583-588) and index.</marc:subfield></marc:datafield><marc:datafield tag="505" ind1="0" ind2=" "><marc:subfield code="a">Anti-naturalism: illuminating the spectacle. &quot;The bust of the beautiful young Salaino&quot; / Murayama Kaita ; &quot;A shop that sells stars&quot; / Inagaki Taruho ; &quot;Shoes fit for a poet&quot; / Osaki Midori ; Page of madness / Kawabata Yasunari ; Streets of fiendish ghosts / Itô Sei -- Cosmopolitarism and popularization: foreign settings, exotic personae, and the bilingual gloss. A tale of trouble from the Bar Roulette / Tchibana Sotoo ; &quot;The Japan-Germany track competition&quot; / Abe Tomoji ; &quot;A negro in cinema&quot; / Abe Tomoji ; &quot;The two-sen copper coin&quot; / Edogawa Ranpo ; &quot;The Shanghaied man&quot; / Tani Jōji ; &quot;Love after death&quot; / Yumeno Kyūsaku -- Modanizumu as the multiple self: dopplegängers, alter egos, and nonessentialism. &quot;The lemon&quot; / Kajii Motojirō ; &quot;The ascension of K&quot; / Kajii Motojirō ; &quot;Feelings atop a cliff&quot; / Kajii Motojirō ; &quot;The story of R-chan and S&quot; / Inagaki Taruho ; &quot;The man traveling with the brocade portrait&quot; / Edogawa Ranpo -- Modanizumu in politics: diving into actionism. &quot;The caterpillar&quot; / Edogawa Ranpo ; &quot;The censor&quot; / Tanizaki Jun'ichirō ; &quot;Colorful Shinjuku&quot; / Yoshiyuki Eisuke ; &quot;The love of Kishimo&quot; / Okamoto Kanoko ; &quot;Japan's three-penny opera&quot; / Takeda Rintarō ; &quot;Kamagasaki&quot; / Takeda Rintarō ; Diving / Funahashi Seiichi ; &quot;The town of cats&quot; / Hagiwara Sakutarō ; &quot;Mars' song&quot; / Ishikawa Jun.</marc:subfield></marc:datafield><marc:datafield tag="546" ind1=" " ind2=" "><marc:subfield code="a">With a summary in English and Japanese and a table of contents also in Japanese.</marc:subfield></marc:datafield><marc:datafield tag="650" ind1=" " ind2="0"><marc:subfield code="a">Japanese fiction</marc:subfield><marc:subfield code="y">20th century</marc:subfield><marc:subfield code="v">Translations into English.</marc:subfield><marc:subfield code="0">http://id.loc.gov/authorities/subjects/sh2009127724</marc:subfield></marc:datafield><marc:datafield tag="650" ind1=" " ind2="0"><marc:subfield code="a">Modernism (Literature)</marc:subfield><marc:subfield code="z">Japan.</marc:subfield></marc:datafield><marc:datafield tag="655" ind1=" " ind2="7"><marc:subfield code="a">Fiction.</marc:subfield><marc:subfield code="2">lcgft</marc:subfield><marc:subfield code="0">http://id.loc.gov/authorities/genreForms/gf2014026339</marc:subfield></marc:datafield><marc:datafield tag="700" ind1="1" ind2=" "><marc:subfield code="a">Tyler, William Jefferson.</marc:subfield><marc:subfield code="0">http://id.loc.gov/authorities/names/n85830474</marc:subfield></marc:datafield><marc:datafield tag="902" ind1=" " ind2=" "><marc:subfield code="a">kl</marc:subfield><marc:subfield code="b">s</marc:subfield><marc:subfield code="6">a</marc:subfield><marc:subfield code="7">m</marc:subfield><marc:subfield code="d">v</marc:subfield><marc:subfield code="f">1</marc:subfield><marc:subfield code="e">20080215</marc:subfield></marc:datafield><marc:datafield tag="904" ind1=" " ind2=" "><marc:subfield code="a">kl</marc:subfield><marc:subfield code="b">a</marc:subfield><marc:subfield code="h">m</marc:subfield><marc:subfield code="c">b</marc:subfield><marc:subfield code="e">20080215</marc:subfield></marc:datafield><marc:datafield tag="914" ind1=" " ind2=" "><marc:subfield code="a">(OCoLC)ocn171613788</marc:subfield><marc:subfield code="b">OCoLC</marc:subfield><marc:subfield code="c">match</marc:subfield><marc:subfield code="d">20240501</marc:subfield><marc:subfield code="e">processed</marc:subfield><marc:subfield code="f">171613788</marc:subfield></marc:datafield></marc:record>