
<marc:record><marc:leader>02089cam a2200397 a 4500</marc:leader>
<marc:controlfield tag="001">9954834523506421</marc:controlfield>
<marc:controlfield tag="005">20240820112911.0</marc:controlfield><marc:controlfield tag="008">070914s2008    nyu           000 0 eng  </marc:controlfield><marc:datafield tag="010" ind1=" " ind2=" "><marc:subfield code="a">  2007037869</marc:subfield></marc:datafield><marc:datafield tag="019" ind1=" " ind2=" "><marc:subfield code="a">154799955</marc:subfield></marc:datafield><marc:datafield tag="020" ind1=" " ind2=" "><marc:subfield code="a">9781400066582 (alk. paper)</marc:subfield></marc:datafield><marc:datafield tag="020" ind1=" " ind2=" "><marc:subfield code="a">1400066581 (alk. paper)</marc:subfield></marc:datafield><marc:datafield tag="035" ind1=" " ind2=" "><marc:subfield code="a">(NjP)5483452-princetondb</marc:subfield></marc:datafield><marc:datafield tag="035" ind1=" " ind2=" "><marc:subfield code="z">(OCoLC)154799955</marc:subfield></marc:datafield><marc:datafield tag="035" ind1=" " ind2=" "><marc:subfield code="a">(OCoLC)ocn173243773</marc:subfield></marc:datafield><marc:datafield tag="035" ind1=" " ind2=" "><marc:subfield code="z">(NjP)Voyager5483452</marc:subfield></marc:datafield><marc:datafield tag="040" ind1=" " ind2=" "><marc:subfield code="a">DLC</marc:subfield><marc:subfield code="b">eng</marc:subfield><marc:subfield code="c">DLC</marc:subfield><marc:subfield code="d">YDX</marc:subfield><marc:subfield code="d">BAKER</marc:subfield><marc:subfield code="d">BTCTA</marc:subfield><marc:subfield code="d">YDXCP</marc:subfield><marc:subfield code="d">GO3</marc:subfield><marc:subfield code="d">JED</marc:subfield><marc:subfield code="d">VP@</marc:subfield></marc:datafield><marc:datafield tag="050" ind1="0" ind2="0"><marc:subfield code="a">BF698.3</marc:subfield><marc:subfield code="b">.S755 2008</marc:subfield></marc:datafield><marc:datafield tag="082" ind1="0" ind2="0"><marc:subfield code="a">158.2</marc:subfield><marc:subfield code="2">22</marc:subfield></marc:datafield><marc:datafield tag="100" ind1="1" ind2=" "><marc:subfield code="a">Sutherland, Amy.</marc:subfield><marc:subfield code="0">http://id.loc.gov/authorities/names/n2003009108</marc:subfield></marc:datafield><marc:datafield tag="245" ind1="1" ind2="0"><marc:subfield code="a">What Shamu taught me about life, love, and marriage :</marc:subfield><marc:subfield code="b">lessons for people from animals and their trainers /</marc:subfield><marc:subfield code="c">Amy Sutherland.</marc:subfield></marc:datafield><marc:datafield tag="250" ind1=" " ind2=" "><marc:subfield code="a">1st ed.</marc:subfield></marc:datafield><marc:datafield tag="260" ind1=" " ind2=" "><marc:subfield code="a">New York :</marc:subfield><marc:subfield code="b">Random House,</marc:subfield><marc:subfield code="c">c2008.</marc:subfield></marc:datafield><marc:datafield tag="300" ind1=" " ind2=" "><marc:subfield code="a">xv, 168 p. ;</marc:subfield><marc:subfield code="c">22 cm.</marc:subfield></marc:datafield><marc:datafield tag="505" ind1="0" ind2=" "><marc:subfield code="a">People are animals too -- Any interaction is training -- The zen of animal training -- Know your species -- Why I stopped nagging -- The how-to's of positive reinforcement -- Baby steps -- The least reinforcing scenario -- The joy of incompatible behaviors -- Working with big cats.</marc:subfield></marc:datafield><marc:datafield tag="546" ind1=" " ind2=" "><marc:subfield code="a">Words in Spanish, French and English.</marc:subfield></marc:datafield><marc:datafield tag="650" ind1=" " ind2="0"><marc:subfield code="a">Typology (Psychology)</marc:subfield><marc:subfield code="0">http://id.loc.gov/authorities/subjects/sh85139175</marc:subfield></marc:datafield><marc:datafield tag="650" ind1=" " ind2="0"><marc:subfield code="a">Animals</marc:subfield><marc:subfield code="x">Psychological aspects.</marc:subfield><marc:subfield code="0">http://id.loc.gov/authorities/subjects/sh2009114990</marc:subfield></marc:datafield><marc:datafield tag="650" ind1=" " ind2="0"><marc:subfield code="a">Interpersonal relations.</marc:subfield><marc:subfield code="0">http://id.loc.gov/authorities/subjects/sh85067484</marc:subfield></marc:datafield><marc:datafield tag="650" ind1=" " ind2="0"><marc:subfield code="a">Human-animal relationships.</marc:subfield><marc:subfield code="0">http://id.loc.gov/authorities/subjects/sh85062838</marc:subfield></marc:datafield><marc:datafield tag="650" ind1=" " ind2="0"><marc:subfield code="a">Animal training.</marc:subfield><marc:subfield code="0">http://id.loc.gov/authorities/subjects/sh85005272</marc:subfield></marc:datafield><marc:datafield tag="902" ind1=" " ind2=" "><marc:subfield code="a">msw</marc:subfield><marc:subfield code="b">l</marc:subfield><marc:subfield code="6">a</marc:subfield><marc:subfield code="7">m</marc:subfield><marc:subfield code="d">v</marc:subfield><marc:subfield code="f">1</marc:subfield><marc:subfield code="e">20080612</marc:subfield></marc:datafield><marc:datafield tag="904" ind1=" " ind2=" "><marc:subfield code="a">cjf</marc:subfield><marc:subfield code="b">o</marc:subfield><marc:subfield code="h">m</marc:subfield><marc:subfield code="c">b</marc:subfield><marc:subfield code="e">20080514</marc:subfield></marc:datafield><marc:datafield tag="914" ind1=" " ind2=" "><marc:subfield code="a">(OCoLC)ocn173243773</marc:subfield><marc:subfield code="b">OCoLC</marc:subfield><marc:subfield code="c">match</marc:subfield><marc:subfield code="d">20221117</marc:subfield><marc:subfield code="e">processed</marc:subfield><marc:subfield code="f">173243773</marc:subfield></marc:datafield><marc:datafield tag="956" ind1="4" ind2="2"><marc:subfield code="3">Contributor biographical information</marc:subfield><marc:subfield code="u">http://www.loc.gov/catdir/enhancements/fy0827/2007037869-b.html</marc:subfield></marc:datafield><marc:datafield tag="956" ind1="4" ind2="2"><marc:subfield code="3">Publisher description</marc:subfield><marc:subfield code="u">http://www.loc.gov/catdir/enhancements/fy0827/2007037869-d.html</marc:subfield></marc:datafield></marc:record>