
<marc:record><marc:leader>01644cam a22003494a 4500</marc:leader>
<marc:controlfield tag="001">9954857113506421</marc:controlfield>
<marc:controlfield tag="005">20240606083358.0</marc:controlfield><marc:controlfield tag="008">080407s2008    nyu           000 0deng  </marc:controlfield><marc:datafield tag="020" ind1=" " ind2=" "><marc:subfield code="a">0871139812 (hardcover)</marc:subfield></marc:datafield><marc:datafield tag="020" ind1=" " ind2=" "><marc:subfield code="a">9780871139818 (hardcover) :</marc:subfield><marc:subfield code="c">$25.00</marc:subfield></marc:datafield><marc:datafield tag="035" ind1=" " ind2=" "><marc:subfield code="a">(NjP)5485711-princetondb</marc:subfield></marc:datafield><marc:datafield tag="035" ind1=" " ind2=" "><marc:subfield code="z">(NjP)Voyager5485711</marc:subfield></marc:datafield><marc:datafield tag="035" ind1=" " ind2=" "><marc:subfield code="a">(OCoLC)ocn220954521</marc:subfield></marc:datafield><marc:datafield tag="040" ind1=" " ind2=" "><marc:subfield code="a">SMDRL</marc:subfield><marc:subfield code="b">eng</marc:subfield><marc:subfield code="c">SMDRL</marc:subfield><marc:subfield code="d">BWX</marc:subfield><marc:subfield code="d">BAKER</marc:subfield><marc:subfield code="d">YBM</marc:subfield><marc:subfield code="d">CPL</marc:subfield></marc:datafield><marc:datafield tag="043" ind1=" " ind2=" "><marc:subfield code="a">n-us---</marc:subfield></marc:datafield><marc:datafield tag="050" ind1="1" ind2="4"><marc:subfield code="a">HQ1063</marc:subfield><marc:subfield code="b">.B539 2008</marc:subfield></marc:datafield><marc:datafield tag="082" ind1="0" ind2="4"><marc:subfield code="a">306.38</marc:subfield><marc:subfield code="2">22</marc:subfield></marc:datafield><marc:datafield tag="100" ind1="1" ind2=" "><marc:subfield code="a">Blechman, Andrew D.</marc:subfield><marc:subfield code="0">http://id.loc.gov/authorities/names/n2006041054</marc:subfield></marc:datafield><marc:datafield tag="245" ind1="1" ind2="0"><marc:subfield code="a">Leisureville :</marc:subfield><marc:subfield code="b">adventures in America's retirement utopias /</marc:subfield><marc:subfield code="c">Andrew D. Blechman.</marc:subfield></marc:datafield><marc:datafield tag="260" ind1=" " ind2=" "><marc:subfield code="a">New York :</marc:subfield><marc:subfield code="b">Atlantic Monthly Press,</marc:subfield><marc:subfield code="c">c2008.</marc:subfield></marc:datafield><marc:datafield tag="300" ind1=" " ind2=" "><marc:subfield code="a">244 p. ;</marc:subfield><marc:subfield code="c">24 cm.</marc:subfield></marc:datafield><marc:datafield tag="500" ind1=" " ind2=" "><marc:subfield code="a">1st ed.</marc:subfield></marc:datafield><marc:datafield tag="505" ind1="0" ind2=" "><marc:subfield code="a">For sale -- Where's Beaver? -- The golden years -- Free golf! -- How bananas got their curve -- The Chaz incident -- Mr. Midnight -- Government, Inc. -- Necropolis -- Foreign policy -- Cluck old hen -- Chasing the elephant -- An idiot's farewell -- Cat's in the cradle.</marc:subfield></marc:datafield><marc:datafield tag="546" ind1=" " ind2=" "><marc:subfield code="a">Words in romanized Ladino or Turkish, with French and English translations printed on insert.</marc:subfield></marc:datafield><marc:datafield tag="650" ind1=" " ind2="0"><marc:subfield code="a">Retirement communities</marc:subfield><marc:subfield code="z">United States.</marc:subfield></marc:datafield><marc:datafield tag="650" ind1=" " ind2="0"><marc:subfield code="a">Retirement communities</marc:subfield><marc:subfield code="z">United States</marc:subfield><marc:subfield code="v">Humor.</marc:subfield></marc:datafield><marc:datafield tag="650" ind1=" " ind2="0"><marc:subfield code="a">Retirees</marc:subfield><marc:subfield code="z">United States</marc:subfield><marc:subfield code="v">Humor.</marc:subfield></marc:datafield><marc:datafield tag="650" ind1=" " ind2="0"><marc:subfield code="a">Retirement</marc:subfield><marc:subfield code="z">United States</marc:subfield><marc:subfield code="v">Humor.</marc:subfield></marc:datafield><marc:datafield tag="655" ind1=" " ind2="7"><marc:subfield code="a">Humor.</marc:subfield><marc:subfield code="2">lcgft</marc:subfield><marc:subfield code="0">http://id.loc.gov/authorities/genreForms/gf2014026110</marc:subfield></marc:datafield><marc:datafield tag="902" ind1=" " ind2=" "><marc:subfield code="a">df</marc:subfield><marc:subfield code="b">m</marc:subfield><marc:subfield code="6">a</marc:subfield><marc:subfield code="7">m</marc:subfield><marc:subfield code="d">v</marc:subfield><marc:subfield code="f">1</marc:subfield><marc:subfield code="e">20080613</marc:subfield></marc:datafield><marc:datafield tag="904" ind1=" " ind2=" "><marc:subfield code="a">wcs</marc:subfield><marc:subfield code="b">o</marc:subfield><marc:subfield code="h">m</marc:subfield><marc:subfield code="c">b</marc:subfield><marc:subfield code="e">20080519</marc:subfield></marc:datafield><marc:datafield tag="914" ind1=" " ind2=" "><marc:subfield code="a">(OCoLC)ocn220954521</marc:subfield><marc:subfield code="b">OCoLC</marc:subfield><marc:subfield code="c">match</marc:subfield><marc:subfield code="d">20240530</marc:subfield><marc:subfield code="e">processed</marc:subfield><marc:subfield code="f">220954521</marc:subfield></marc:datafield></marc:record>