
<marc:record><marc:leader>03362cam a22003494a 4500</marc:leader>
<marc:controlfield tag="001">9954861903506421</marc:controlfield>
<marc:controlfield tag="005">20240502043825.0</marc:controlfield><marc:controlfield tag="008">080516s2008    gw a     b    001 0 ger  </marc:controlfield><marc:datafield tag="010" ind1=" " ind2=" "><marc:subfield code="a">  2008423179</marc:subfield></marc:datafield><marc:datafield tag="020" ind1=" " ind2=" "><marc:subfield code="a">9783455500448</marc:subfield></marc:datafield><marc:datafield tag="020" ind1=" " ind2=" "><marc:subfield code="a">3455500447</marc:subfield></marc:datafield><marc:datafield tag="035" ind1=" " ind2=" "><marc:subfield code="a">(NjP)5486190-princetondb</marc:subfield></marc:datafield><marc:datafield tag="035" ind1=" " ind2=" "><marc:subfield code="z">(NjP)Voyager5486190</marc:subfield></marc:datafield><marc:datafield tag="035" ind1=" " ind2=" "><marc:subfield code="a">(OCoLC)ocn228041912</marc:subfield></marc:datafield><marc:datafield tag="040" ind1=" " ind2=" "><marc:subfield code="a">DLC</marc:subfield><marc:subfield code="b">eng</marc:subfield><marc:subfield code="c">DLC</marc:subfield><marc:subfield code="d">OHX</marc:subfield><marc:subfield code="d">IUL</marc:subfield></marc:datafield><marc:datafield tag="042" ind1=" " ind2=" "><marc:subfield code="a">pcc</marc:subfield></marc:datafield><marc:datafield tag="043" ind1=" " ind2=" "><marc:subfield code="a">e-gw---</marc:subfield></marc:datafield><marc:datafield tag="050" ind1="0" ind2="0"><marc:subfield code="a">ML275.8.H25</marc:subfield><marc:subfield code="b">M57 2008</marc:subfield></marc:datafield><marc:datafield tag="100" ind1="1" ind2=" "><marc:subfield code="a">Mischke, Joachim,</marc:subfield><marc:subfield code="d">1964-</marc:subfield><marc:subfield code="0">http://id.loc.gov/authorities/names/n2008048282</marc:subfield></marc:datafield><marc:datafield tag="245" ind1="1" ind2="0"><marc:subfield code="a">Hamburg Musik! /</marc:subfield><marc:subfield code="c">Joachim Mischke.</marc:subfield></marc:datafield><marc:datafield tag="250" ind1=" " ind2=" "><marc:subfield code="a">1. Aufl.</marc:subfield></marc:datafield><marc:datafield tag="260" ind1=" " ind2=" "><marc:subfield code="a">Hamburg :</marc:subfield><marc:subfield code="b">Hoffmann und Campe,</marc:subfield><marc:subfield code="c">2008.</marc:subfield></marc:datafield><marc:datafield tag="300" ind1=" " ind2=" "><marc:subfield code="a">399 p. :</marc:subfield><marc:subfield code="b">ill. ;</marc:subfield><marc:subfield code="c">21 cm.</marc:subfield></marc:datafield><marc:datafield tag="504" ind1=" " ind2=" "><marc:subfield code="a">Includes bibliographical references (p. 377-384) and index.</marc:subfield></marc:datafield><marc:datafield tag="505" ind1="0" ind2=" "><marc:subfield code="a">Auftakt -- Wie alles begann : die Anfänge -- &quot;Gebt Opern oder wir sterben!&quot; : die Gänsemarkt-Oper, Hä̈ndel, Mattheson und Keiser -- Hätte, würde, könnte : Johann Sebastian Bachs Spuren an der Elbe -- Tonangeber I : Georg Philipp Telemann -- Tonangeber II : Carl Philipp Emanuel Bach -- Der Weltstar aus Bergedorf : Johann Adolph Hasse -- Aus den Augen-- : Felix Mendelssohn Bartholdy -- Der blonde Hans, der kann's : Johannes Brahms -- Zwischen Masse und Klasse : das Musikleben im 19. und frühen 20. Jahrhundert -- Schöne Töne : die Philharmonische Gesellschaft -- Selbstvermarkter : Wagner an der Waterkant -- Gute Zeiten, schlechte Zeiten : Gustav Mahler -- Russendisko : Tschaikowskys Gastspiele -- Der verlorengegangene Sohn : Paul Dessau -- &quot;Das glaubt dir kein Mensch&quot; : Berthold Goldschmidt -- Eine Halle für alle : die Musikhalle -- Auf und ab : die wilden Zwanziger und die finsteren Dreissiger -- &quot;Trotz Verbot und HJ, wir tanzen hot!&quot; : die Swing-Kids -- Auferstehen aus Ruinen : Zusammenbruch und Wiederaufbau der Staatsoper -- &quot;Freie und Jazzerstadt Hamburg&quot; : die Nachkriegsjahre und der Anglo-German Swing Club -- Stunde null : die Ära Hans Schmidt-Isserstedt -- Wegweiser : Rolf Liebermann -- Neue Töne brauchte das Land : die NDR-Reihe &quot;das neue Werk&quot; -- Was lange währt : Günter Wand und das NDR Sinfonieorchester -- Klein, aber tapfer : die Hamburger Symphoniker -- Beflügelnd : Steinway &amp; Sons -- Orgelpfeifen zu Konservendosen : Hamburgs Kirchenmusik -- &quot;Macht Schau!&quot; : die Beatles, der Kiez und der Star-Club -- &quot;Lass knacken!&quot; : Bert Kaempfert -- &quot;Heisse inspirable Winde!&quot; : das Pö und die Hamburger Szene -- Kultur für alle : die Fabrik -- Uncompromising Turntables : der Mojo Club -- Teil einer Jugendbewegung : die Hamburger Schule -- Reimemeister : Hamburger HipHop -- &quot;Mit Cats fängt man Mäuse&quot; : Hamburg und seine Musicals -- Der grosse Neugierige : György Ligeti -- Wanderer zwischen den Welten : Alfred Schnittke -- Schweigerin im Walde : Sofia Gubaidulina -- Perfekte Wellen : die Elbphilharmonie -- Anhang -- Literatur -- Namenregister -- Dank -- Bildnachweis.</marc:subfield></marc:datafield><marc:datafield tag="546" ind1=" " ind2=" "><marc:subfield code="a">Yiddish words, also printed separately as text with German translation.</marc:subfield></marc:datafield><marc:datafield tag="650" ind1=" " ind2="0"><marc:subfield code="a">Music</marc:subfield><marc:subfield code="z">Germany</marc:subfield><marc:subfield code="z">Hamburg</marc:subfield><marc:subfield code="x">History and criticism.</marc:subfield></marc:datafield><marc:datafield tag="650" ind1=" " ind2="0"><marc:subfield code="a">Popular music</marc:subfield><marc:subfield code="z">Germany</marc:subfield><marc:subfield code="z">Hamburg</marc:subfield><marc:subfield code="x">History and criticism.</marc:subfield></marc:datafield><marc:datafield tag="902" ind1=" " ind2=" "><marc:subfield code="a">amt</marc:subfield><marc:subfield code="b">m</marc:subfield><marc:subfield code="6">a</marc:subfield><marc:subfield code="7">m</marc:subfield><marc:subfield code="d">v</marc:subfield><marc:subfield code="f">1</marc:subfield><marc:subfield code="e">20090309</marc:subfield></marc:datafield><marc:datafield tag="904" ind1=" " ind2=" "><marc:subfield code="a">lm</marc:subfield><marc:subfield code="b">a</marc:subfield><marc:subfield code="h">m</marc:subfield><marc:subfield code="c">b</marc:subfield><marc:subfield code="e">20080714</marc:subfield></marc:datafield><marc:datafield tag="914" ind1=" " ind2=" "><marc:subfield code="a">(OCoLC)ocn228041912</marc:subfield><marc:subfield code="b">OCoLC</marc:subfield><marc:subfield code="c">match</marc:subfield><marc:subfield code="d">20240501</marc:subfield><marc:subfield code="e">processed</marc:subfield><marc:subfield code="f">228041912</marc:subfield></marc:datafield><marc:datafield tag="999" ind1=" " ind2=" "><marc:subfield code="a">5486190</marc:subfield></marc:datafield></marc:record>