
<marc:record><marc:leader>00811cam a22002655a 4500</marc:leader>
<marc:controlfield tag="001">9955081903506421</marc:controlfield>
<marc:controlfield tag="005">20080815111003.0</marc:controlfield><marc:controlfield tag="008">080623s2007    ru            000 0 eng d</marc:controlfield><marc:datafield tag="020" ind1=" " ind2=" "><marc:subfield code="a">9785912080098 :</marc:subfield><marc:subfield code="c">USD45.55</marc:subfield></marc:datafield><marc:datafield tag="035" ind1=" " ind2=" "><marc:subfield code="a">(RuMoEVIS)809038B</marc:subfield></marc:datafield><marc:datafield tag="035" ind1=" " ind2=" "><marc:subfield code="a">(NjP)5508190-princetondb</marc:subfield></marc:datafield><marc:datafield tag="040" ind1=" " ind2=" "><marc:subfield code="a">RuMoEVIS</marc:subfield><marc:subfield code="b">eng</marc:subfield><marc:subfield code="c">RuMoEVIS</marc:subfield></marc:datafield><marc:datafield tag="100" ind1="1" ind2=" "><marc:subfield code="a">Golʹ, Nikolaĭ.</marc:subfield></marc:datafield><marc:datafield tag="245" ind1="1" ind2="0"><marc:subfield code="a">Hermitage cats, the /</marc:subfield><marc:subfield code="c">Nikolai Gol, Maria Haltunen.</marc:subfield></marc:datafield><marc:datafield tag="260" ind1=" " ind2=" "><marc:subfield code="a">[Sankt-Peterburg?] :</marc:subfield><marc:subfield code="b">ARKA/ARKA (Russia/Sankt-Peterburg),</marc:subfield><marc:subfield code="c">2007.</marc:subfield></marc:datafield><marc:datafield tag="300" ind1=" " ind2=" "><marc:subfield code="a">105 p. ;</marc:subfield><marc:subfield code="c">23 cm.</marc:subfield></marc:datafield><marc:datafield tag="546" ind1=" " ind2=" "><marc:subfield code="a">In English and Russian.</marc:subfield></marc:datafield><marc:datafield tag="653" ind1="0" ind2=" "><marc:subfield code="a">Art museums, galleries, etc.</marc:subfield></marc:datafield><marc:datafield tag="653" ind1="0" ind2=" "><marc:subfield code="a">Arts in general.</marc:subfield></marc:datafield><marc:datafield tag="653" ind1="0" ind2=" "><marc:subfield code="a">Decorative arts.</marc:subfield></marc:datafield><marc:datafield tag="653" ind1="0" ind2=" "><marc:subfield code="a">Fine arts.</marc:subfield></marc:datafield><marc:datafield tag="653" ind1="0" ind2=" "><marc:subfield code="a">History of the arts.</marc:subfield></marc:datafield><marc:datafield tag="653" ind1="0" ind2=" "><marc:subfield code="a">Painting.</marc:subfield></marc:datafield><marc:datafield tag="653" ind1="0" ind2=" "><marc:subfield code="a">Sculpture.</marc:subfield></marc:datafield><marc:datafield tag="700" ind1="1" ind2=" "><marc:subfield code="a">Haltunen, Maria.</marc:subfield></marc:datafield></marc:record>