
<marc:record><marc:leader>05856cam a22003974a 4500</marc:leader>
<marc:controlfield tag="001">9955095043506421</marc:controlfield>
<marc:controlfield tag="005">20240606061838.0</marc:controlfield><marc:controlfield tag="008">070318s2007    ctua     b    001 0 eng  </marc:controlfield><marc:datafield tag="010" ind1=" " ind2=" "><marc:subfield code="a">  2007009261</marc:subfield></marc:datafield><marc:datafield tag="020" ind1=" " ind2=" "><marc:subfield code="a">9781591583400 (alk. paper)</marc:subfield></marc:datafield><marc:datafield tag="020" ind1=" " ind2=" "><marc:subfield code="a">1591583403 (alk. paper)</marc:subfield></marc:datafield><marc:datafield tag="035" ind1=" " ind2=" "><marc:subfield code="a">(NjP)5509504-princetondb</marc:subfield></marc:datafield><marc:datafield tag="035" ind1=" " ind2=" "><marc:subfield code="z">(NjP)Voyager5509504</marc:subfield></marc:datafield><marc:datafield tag="035" ind1=" " ind2=" "><marc:subfield code="a">(OCoLC)ocm85829987</marc:subfield></marc:datafield><marc:datafield tag="040" ind1=" " ind2=" "><marc:subfield code="a">DLC</marc:subfield><marc:subfield code="b">eng</marc:subfield><marc:subfield code="c">DLC</marc:subfield><marc:subfield code="d">UKM</marc:subfield><marc:subfield code="d">BAKER</marc:subfield><marc:subfield code="d">BTCTA</marc:subfield><marc:subfield code="d">C#P</marc:subfield><marc:subfield code="d">YDXCP</marc:subfield><marc:subfield code="d">COO</marc:subfield><marc:subfield code="d">NOR</marc:subfield><marc:subfield code="d">NLGGC</marc:subfield><marc:subfield code="d">IXA</marc:subfield><marc:subfield code="d">BWX</marc:subfield><marc:subfield code="d">OCLCG</marc:subfield></marc:datafield><marc:datafield tag="042" ind1=" " ind2=" "><marc:subfield code="a">pcc</marc:subfield></marc:datafield><marc:datafield tag="050" ind1="0" ind2="0"><marc:subfield code="a">ZA3075</marc:subfield><marc:subfield code="b">.P73 2007</marc:subfield></marc:datafield><marc:datafield tag="082" ind1="0" ind2="0"><marc:subfield code="a">028.7 071/1</marc:subfield><marc:subfield code="2">22</marc:subfield></marc:datafield><marc:datafield tag="245" ind1="0" ind2="2"><marc:subfield code="a">A practical guide to information literacy assessment for academic librarians /</marc:subfield><marc:subfield code="c">by Carolyn J. Radcliff ... [et al.].</marc:subfield></marc:datafield><marc:datafield tag="260" ind1=" " ind2=" "><marc:subfield code="a">Westport, Conn. :</marc:subfield><marc:subfield code="b">Libraries Unlimited,</marc:subfield><marc:subfield code="c">2007.</marc:subfield></marc:datafield><marc:datafield tag="300" ind1=" " ind2=" "><marc:subfield code="a">xiii, 180 p. :</marc:subfield><marc:subfield code="b">ill. ;</marc:subfield><marc:subfield code="c">26 cm.</marc:subfield></marc:datafield><marc:datafield tag="504" ind1=" " ind2=" "><marc:subfield code="a">Includes bibliographical references and index.</marc:subfield></marc:datafield><marc:datafield tag="505" ind1="0" ind2="0"><marc:subfield code="t">Illustrations --</marc:subfield><marc:subfield code="t">Acknowledgments --</marc:subfield><marc:subfield code="g">pt. 1.</marc:subfield><marc:subfield code="t">Getting started --</marc:subfield><marc:subfield code="g">1.</marc:subfield><marc:subfield code="t">Introduction --</marc:subfield><marc:subfield code="g">2. A</marc:subfield><marc:subfield code="t">brief look at assessment --</marc:subfield><marc:subfield code="t">Where does information literacy fit in? --</marc:subfield><marc:subfield code="t">Where do libraries fit in? --</marc:subfield><marc:subfield code="t">Levels of assessment --</marc:subfield><marc:subfield code="t">Classroom assessment --</marc:subfield><marc:subfield code="t">Programmatic assessment --</marc:subfield><marc:subfield code="t">Institutional assessment --</marc:subfield><marc:subfield code="t">Learning objectives --</marc:subfield><marc:subfield code="t">Works cited and further reading --</marc:subfield><marc:subfield code="g">3.</marc:subfield><marc:subfield code="t">How to choose the right assessment tool --</marc:subfield><marc:subfield code="t">Chapter organization --</marc:subfield><marc:subfield code="g">pt. 2. The</marc:subfield><marc:subfield code="t">tools --</marc:subfield><marc:subfield code="g">4.</marc:subfield><marc:subfield code="t">Informal assessment techniques --</marc:subfield><marc:subfield code="g">An</marc:subfield><marc:subfield code="t">overview of informal assessment --</marc:subfield><marc:subfield code="t">Informal observations --</marc:subfield><marc:subfield code="t">Informal questions --</marc:subfield><marc:subfield code="t">Self-reflection --</marc:subfield><marc:subfield code="t">Keys to success with informal assessment --</marc:subfield><marc:subfield code="t">Tips for informal observations --</marc:subfield><marc:subfield code="t">Tips for informal questioning --</marc:subfield><marc:subfield code="t">Tips for instructor self-reflection --</marc:subfield><marc:subfield code="t">Using the data from informal assessment --</marc:subfield><marc:subfield code="t">Is informal assessment right for you? --</marc:subfield><marc:subfield code="t">Works cited and further reading --</marc:subfield><marc:subfield code="g">5.</marc:subfield><marc:subfield code="t">Classroom assessment techniques --</marc:subfield><marc:subfield code="g">An</marc:subfield><marc:subfield code="t">overview of classroom assessment techniques --</marc:subfield><marc:subfield code="t">Preparation --</marc:subfield><marc:subfield code="t">Examples of classroom assessment techniques --</marc:subfield><marc:subfield code="t">Minute paper/muddiest point --</marc:subfield><marc:subfield code="t">One sentence summary --</marc:subfield><marc:subfield code="t">Defining features matrix --</marc:subfield><marc:subfield code="t">Directed paraphrasing --</marc:subfield><marc:subfield code="t">Pre-assessment using CATs --</marc:subfield><marc:subfield code="t">Classroom response systems --</marc:subfield><marc:subfield code="t">Using the results --</marc:subfield><marc:subfield code="t">Are classroom assessment techniques right for you? --</marc:subfield><marc:subfield code="t">Works cited and further reading --</marc:subfield></marc:datafield><marc:datafield tag="505" ind1="0" ind2="0"><marc:subfield code="g">6.</marc:subfield><marc:subfield code="t">Surveys --</marc:subfield><marc:subfield code="g">An</marc:subfield><marc:subfield code="t">overview of surveys --</marc:subfield><marc:subfield code="t">Practical considerations --</marc:subfield><marc:subfield code="t">Who and when --</marc:subfield><marc:subfield code="t">Survey delivery --</marc:subfield><marc:subfield code="t">Survey questions --</marc:subfield><marc:subfield code="t">Steps for conducting a survey --</marc:subfield><marc:subfield code="t">Are surveys right for you? --</marc:subfield><marc:subfield code="t">Works cited and further reading --</marc:subfield><marc:subfield code="g">7.</marc:subfield><marc:subfield code="t">Interviewing --</marc:subfield><marc:subfield code="g">An</marc:subfield><marc:subfield code="t">overview of interviewing --</marc:subfield><marc:subfield code="t">Types of interviewing --</marc:subfield><marc:subfield code="t">Informal interviewing --</marc:subfield><marc:subfield code="t">Guided interviewing --</marc:subfield><marc:subfield code="t">Open-ended interviewing --</marc:subfield><marc:subfield code="t">Preparing for a successful interview --</marc:subfield><marc:subfield code="t">Right after the interview --</marc:subfield><marc:subfield code="t">Transcribing the data --</marc:subfield><marc:subfield code="t">Analyzing the data --</marc:subfield><marc:subfield code="t">Is interviewing right for your? --</marc:subfield><marc:subfield code="t">Works cited and further reading --</marc:subfield><marc:subfield code="g">8.</marc:subfield><marc:subfield code="t">Focus groups --</marc:subfield><marc:subfield code="g">An</marc:subfield><marc:subfield code="t">overview of focus groups --</marc:subfield><marc:subfield code="t">Preparing for a successful focus group --</marc:subfield><marc:subfield code="t">Conducting the focus group --</marc:subfield><marc:subfield code="g">The</marc:subfield><marc:subfield code="t">focus group session --</marc:subfield><marc:subfield code="t">Right after the session --</marc:subfield><marc:subfield code="t">Transcribing the data --</marc:subfield><marc:subfield code="t">Analyzing the data --</marc:subfield><marc:subfield code="t">Example of a focus group study --</marc:subfield><marc:subfield code="t">Assessment scenario --</marc:subfield><marc:subfield code="g">The</marc:subfield><marc:subfield code="t">focus group plan --</marc:subfield><marc:subfield code="t">Are focus groups right for you? --</marc:subfield><marc:subfield code="t">Works cited and further reading --</marc:subfield><marc:subfield code="g">9.</marc:subfield><marc:subfield code="t">Knowledge tests --</marc:subfield><marc:subfield code="g">An</marc:subfield><marc:subfield code="t">overview of knowledge tests --</marc:subfield><marc:subfield code="t">Types of knowledge test items --</marc:subfield><marc:subfield code="t">Creating knowledge tests --</marc:subfield><marc:subfield code="t">Objective items --</marc:subfield><marc:subfield code="t">Essay items --</marc:subfield><marc:subfield code="t">Standardized tests --</marc:subfield><marc:subfield code="t">Analyzing the data --</marc:subfield><marc:subfield code="t">Are knowledge tests right for you? --</marc:subfield><marc:subfield code="t">Works cited and further reading --</marc:subfield></marc:datafield><marc:datafield tag="505" ind1="0" ind2="0"><marc:subfield code="g">10.</marc:subfield><marc:subfield code="t">Concept maps --</marc:subfield><marc:subfield code="g">An</marc:subfield><marc:subfield code="t">overview of concept maps --</marc:subfield><marc:subfield code="t">Types of concept maps --</marc:subfield><marc:subfield code="t">Hierarchical concept maps --</marc:subfield><marc:subfield code="t">Flat concept maps --</marc:subfield><marc:subfield code="t">Creating and using concept maps --</marc:subfield><marc:subfield code="t">Evaluating concept maps --</marc:subfield><marc:subfield code="t">Is concept mapping right for you? --</marc:subfield><marc:subfield code="t">Works cited and further reading --</marc:subfield><marc:subfield code="g">11.</marc:subfield><marc:subfield code="t">Performance and product assessments --</marc:subfield><marc:subfield code="g">An</marc:subfield><marc:subfield code="t">overview of performance assessments --</marc:subfield><marc:subfield code="t">Process --</marc:subfield><marc:subfield code="t">Products --</marc:subfield><marc:subfield code="t">Assignment design --</marc:subfield><marc:subfield code="t">Writing an assignment prompt --</marc:subfield><marc:subfield code="t">One last check of your assignment --</marc:subfield><marc:subfield code="t">Scoring guides --</marc:subfield><marc:subfield code="t">Analyzing data from performance assessments --</marc:subfield><marc:subfield code="t">Are performance assessments right for you? --</marc:subfield><marc:subfield code="t">Works cited and further reading --</marc:subfield><marc:subfield code="g">12.</marc:subfield><marc:subfield code="t">Portfolios --</marc:subfield><marc:subfield code="g">An</marc:subfield><marc:subfield code="t">overview of portfolios --</marc:subfield><marc:subfield code="t">What goes into a portfolio? --</marc:subfield><marc:subfield code="t">Creating the portfolio assignment --</marc:subfield><marc:subfield code="t">Programmatic and institutional assessment --</marc:subfield><marc:subfield code="t">Collecting the material --</marc:subfield><marc:subfield code="t">Electronic portfolios --</marc:subfield><marc:subfield code="t">Assessing portfolios --</marc:subfield><marc:subfield code="t">Are portfolios right for you? --</marc:subfield><marc:subfield code="t">Works cited and further reading --</marc:subfield></marc:datafield><marc:datafield tag="505" ind1="0" ind2="0"><marc:subfield code="g">pt. 3.</marc:subfield><marc:subfield code="t">What to do with the information --</marc:subfield><marc:subfield code="g">13.</marc:subfield><marc:subfield code="t">Analyzing the data --</marc:subfield><marc:subfield code="g">An</marc:subfield><marc:subfield code="t">overview of content analysis --</marc:subfield><marc:subfield code="t">Steps in content analysis --</marc:subfield><marc:subfield code="t">Software to assist with analyzing textual data --</marc:subfield><marc:subfield code="g">An</marc:subfield><marc:subfield code="t">overview of descriptive statistics --</marc:subfield><marc:subfield code="t">Steps in descriptive statistics --</marc:subfield><marc:subfield code="t">Data tools --</marc:subfield><marc:subfield code="t">Spreadsheets --</marc:subfield><marc:subfield code="t">Statistical software --</marc:subfield><marc:subfield code="t">Conclusion --</marc:subfield><marc:subfield code="t">Works cited and further reading --</marc:subfield><marc:subfield code="g">14.</marc:subfield><marc:subfield code="t">Working with the results --</marc:subfield><marc:subfield code="t">Sharing assessment results --</marc:subfield><marc:subfield code="t">Identifying stakeholders --</marc:subfield><marc:subfield code="t">Deciding what to share --</marc:subfield><marc:subfield code="t">Presenting your results --</marc:subfield><marc:subfield code="t">Putting assessment results to work --</marc:subfield><marc:subfield code="t">Working with positive assessment results --</marc:subfield><marc:subfield code="t">Working with negative results --</marc:subfield><marc:subfield code="t">Conclusion --</marc:subfield><marc:subfield code="t">Works cited and further reading --</marc:subfield><marc:subfield code="t">Index.</marc:subfield></marc:datafield><marc:datafield tag="546" ind1=" " ind2=" "><marc:subfield code="a">Akan, English and Fanti.</marc:subfield></marc:datafield><marc:datafield tag="650" ind1=" " ind2="0"><marc:subfield code="a">Information literacy</marc:subfield><marc:subfield code="x">Study and teaching (Higher)</marc:subfield><marc:subfield code="x">Evaluation.</marc:subfield></marc:datafield><marc:datafield tag="650" ind1=" " ind2="0"><marc:subfield code="a">Information literacy</marc:subfield><marc:subfield code="x">Ability testing.</marc:subfield></marc:datafield><marc:datafield tag="650" ind1=" " ind2="0"><marc:subfield code="a">Library orientation for college students</marc:subfield><marc:subfield code="x">Evaluation.</marc:subfield></marc:datafield><marc:datafield tag="650" ind1=" " ind2="0"><marc:subfield code="a">Academic libraries</marc:subfield><marc:subfield code="x">Relations with faculty and curriculum.</marc:subfield><marc:subfield code="0">http://id.loc.gov/authorities/subjects/sh85076594</marc:subfield></marc:datafield><marc:datafield tag="700" ind1="1" ind2=" "><marc:subfield code="a">Radcliff, Carolyn J.,</marc:subfield><marc:subfield code="d">1961-</marc:subfield><marc:subfield code="0">http://id.loc.gov/authorities/names/n2007019047</marc:subfield></marc:datafield><marc:datafield tag="902" ind1=" " ind2=" "><marc:subfield code="a">nk</marc:subfield><marc:subfield code="b">l</marc:subfield><marc:subfield code="6">a</marc:subfield><marc:subfield code="7">m</marc:subfield><marc:subfield code="d">v</marc:subfield><marc:subfield code="f">1</marc:subfield><marc:subfield code="e">20080828</marc:subfield></marc:datafield><marc:datafield tag="904" ind1=" " ind2=" "><marc:subfield code="a">cjf</marc:subfield><marc:subfield code="b">o</marc:subfield><marc:subfield code="h">m</marc:subfield><marc:subfield code="c">b</marc:subfield><marc:subfield code="e">20080625</marc:subfield></marc:datafield><marc:datafield tag="914" ind1=" " ind2=" "><marc:subfield code="a">(OCoLC)ocm85829987</marc:subfield><marc:subfield code="b">OCoLC</marc:subfield><marc:subfield code="c">match</marc:subfield><marc:subfield code="d">20240530</marc:subfield><marc:subfield code="e">processed</marc:subfield><marc:subfield code="f">85829987</marc:subfield></marc:datafield><marc:datafield tag="956" ind1="4" ind2="1"><marc:subfield code="3">Table of contents only</marc:subfield><marc:subfield code="u">http://www.loc.gov/catdir/toc/ecip0713/2007009261.html</marc:subfield></marc:datafield></marc:record>