
<marc:record><marc:leader>02159cam a22003974a 4500</marc:leader>
<marc:controlfield tag="001">9955842903506421</marc:controlfield>
<marc:controlfield tag="005">20240718041637.0</marc:controlfield><marc:controlfield tag="008">081008s2008    nyua     b    001 0 eng  </marc:controlfield><marc:datafield tag="010" ind1=" " ind2=" "><marc:subfield code="a">  2008004648</marc:subfield></marc:datafield><marc:datafield tag="020" ind1=" " ind2=" "><marc:subfield code="a">9780385523349 (alk. paper)</marc:subfield></marc:datafield><marc:datafield tag="020" ind1=" " ind2=" "><marc:subfield code="a">0385523343 (alk. paper)</marc:subfield></marc:datafield><marc:datafield tag="035" ind1=" " ind2=" "><marc:subfield code="a">(OrLoB)R8736123</marc:subfield></marc:datafield><marc:datafield tag="035" ind1=" " ind2=" "><marc:subfield code="a">(NjP)5584290-princetondb</marc:subfield></marc:datafield><marc:datafield tag="035" ind1=" " ind2=" "><marc:subfield code="z">(NjP)Voyager5584290</marc:subfield></marc:datafield><marc:datafield tag="035" ind1=" " ind2=" "><marc:subfield code="a">(OCoLC)ocn191922746</marc:subfield></marc:datafield><marc:datafield tag="040" ind1=" " ind2=" "><marc:subfield code="a">DLC</marc:subfield><marc:subfield code="b">eng</marc:subfield><marc:subfield code="c">DLC</marc:subfield><marc:subfield code="d">BTCTA</marc:subfield><marc:subfield code="d">BAKER</marc:subfield><marc:subfield code="d">YDXCP</marc:subfield><marc:subfield code="d">CMM</marc:subfield><marc:subfield code="d">UPZ</marc:subfield><marc:subfield code="d">JED</marc:subfield><marc:subfield code="d">NPUBL</marc:subfield><marc:subfield code="d">BWX</marc:subfield><marc:subfield code="d">WIQ</marc:subfield><marc:subfield code="d">CDX</marc:subfield><marc:subfield code="d">GZF</marc:subfield></marc:datafield><marc:datafield tag="043" ind1=" " ind2=" "><marc:subfield code="a">a-ir---</marc:subfield></marc:datafield><marc:datafield tag="050" ind1="0" ind2="0"><marc:subfield code="a">DS318.9</marc:subfield><marc:subfield code="b">.M35 2008</marc:subfield></marc:datafield><marc:datafield tag="082" ind1="0" ind2="0"><marc:subfield code="a">955.06/1</marc:subfield><marc:subfield code="2">22</marc:subfield></marc:datafield><marc:datafield tag="100" ind1="1" ind2=" "><marc:subfield code="a">Majd, Hooman.</marc:subfield><marc:subfield code="0">http://id.loc.gov/authorities/names/n2008007495</marc:subfield></marc:datafield><marc:datafield tag="245" ind1="1" ind2="4"><marc:subfield code="a">The Ayatollah begs to differ :</marc:subfield><marc:subfield code="b">the paradox of modern Iran /</marc:subfield><marc:subfield code="c">Hooman Majd.</marc:subfield></marc:datafield><marc:datafield tag="250" ind1=" " ind2=" "><marc:subfield code="a">1st ed.</marc:subfield></marc:datafield><marc:datafield tag="260" ind1=" " ind2=" "><marc:subfield code="a">New York :</marc:subfield><marc:subfield code="b">Doubleday,</marc:subfield><marc:subfield code="c">c2008.</marc:subfield></marc:datafield><marc:datafield tag="300" ind1=" " ind2=" "><marc:subfield code="a">x, 272 p. :</marc:subfield><marc:subfield code="b">col. ill. ;</marc:subfield><marc:subfield code="c">24 cm.</marc:subfield></marc:datafield><marc:datafield tag="504" ind1=" " ind2=" "><marc:subfield code="a">Includes bibliographical references and index.</marc:subfield></marc:datafield><marc:datafield tag="505" ind1="0" ind2=" "><marc:subfield code="a">Introduction -- 1. Persian cats -- 2. The Ayatollah has a cold -- 3. If it's Tuesday, this must be Qom -- 4. Pride and humility -- 5. Victory of blood over the sword -- 6. Pairidaeza: the Persian garden -- 7. The Ayatollah begs to differ -- 8. Fear of a black turban -- Notes -- Index.</marc:subfield></marc:datafield><marc:datafield tag="520" ind1=" " ind2=" "><marc:subfield code="a">The son of an Iranian diplomat and the grandson of an ayatollah grew up in exile, yet he also remained closely attached to his homeland. Majd's reports on his travels throughout Iran try to explain the economic, political, and social forces that lie at its heart, and to show the paradoxes of the Iranian character that have baffled Americans.</marc:subfield></marc:datafield><marc:datafield tag="546" ind1=" " ind2=" "><marc:subfield code="a">English and Bengali.</marc:subfield></marc:datafield><marc:datafield tag="651" ind1=" " ind2="0"><marc:subfield code="a">Iran</marc:subfield><marc:subfield code="x">Politics and government</marc:subfield><marc:subfield code="y">1997-</marc:subfield><marc:subfield code="0">http://id.loc.gov/authorities/subjects/sh98004950</marc:subfield></marc:datafield><marc:datafield tag="600" ind1="1" ind2="0"><marc:subfield code="a">Majd, Hooman</marc:subfield><marc:subfield code="x">Travel</marc:subfield><marc:subfield code="z">Iran.</marc:subfield></marc:datafield><marc:datafield tag="651" ind1=" " ind2="0"><marc:subfield code="a">Iran</marc:subfield><marc:subfield code="x">Description and travel.</marc:subfield><marc:subfield code="0">http://id.loc.gov/authorities/subjects/sh85067888</marc:subfield></marc:datafield><marc:datafield tag="650" ind1=" " ind2="0"><marc:subfield code="a">Iranian Americans</marc:subfield><marc:subfield code="v">Biography.</marc:subfield><marc:subfield code="0">http://id.loc.gov/authorities/subjects/sh2009127541</marc:subfield></marc:datafield><marc:datafield tag="902" ind1=" " ind2=" "><marc:subfield code="a">df</marc:subfield><marc:subfield code="b">l</marc:subfield><marc:subfield code="6">a</marc:subfield><marc:subfield code="7">m</marc:subfield><marc:subfield code="d">v</marc:subfield><marc:subfield code="f">1</marc:subfield><marc:subfield code="e">20081023</marc:subfield></marc:datafield><marc:datafield tag="904" ind1=" " ind2=" "><marc:subfield code="a">kl</marc:subfield><marc:subfield code="b">a</marc:subfield><marc:subfield code="h">m</marc:subfield><marc:subfield code="c">b</marc:subfield><marc:subfield code="e">20081021</marc:subfield></marc:datafield><marc:datafield tag="914" ind1=" " ind2=" "><marc:subfield code="a">(OCoLC)ocn191922746</marc:subfield><marc:subfield code="b">OCoLC</marc:subfield><marc:subfield code="c">match</marc:subfield><marc:subfield code="d">20240710</marc:subfield><marc:subfield code="e">processed</marc:subfield><marc:subfield code="f">191922746</marc:subfield></marc:datafield><marc:datafield tag="999" ind1=" " ind2=" "><marc:subfield code="a">5584290</marc:subfield></marc:datafield></marc:record>