
<marc:record><marc:leader>02863cam a2200445Ia 4500</marc:leader>
<marc:controlfield tag="001">9955917183506421</marc:controlfield>
<marc:controlfield tag="005">20240502044139.0</marc:controlfield><marc:controlfield tag="008">081001s2008    mx a     b    000 0 eng d</marc:controlfield><marc:datafield tag="010" ind1=" " ind2=" "><marc:subfield code="a">  2009403546</marc:subfield></marc:datafield><marc:datafield tag="020" ind1=" " ind2=" "><marc:subfield code="a">9706833382</marc:subfield></marc:datafield><marc:datafield tag="020" ind1=" " ind2=" "><marc:subfield code="a">9789706833389</marc:subfield></marc:datafield><marc:datafield tag="035" ind1=" " ind2=" "><marc:subfield code="a">(NjP)5591718-princetondb</marc:subfield></marc:datafield><marc:datafield tag="035" ind1=" " ind2=" "><marc:subfield code="z">(NjP)Voyager5591718</marc:subfield></marc:datafield><marc:datafield tag="035" ind1=" " ind2=" "><marc:subfield code="a">(OCoLC)ocn288945286</marc:subfield></marc:datafield><marc:datafield tag="040" ind1=" " ind2=" "><marc:subfield code="a">FQG</marc:subfield><marc:subfield code="b">eng</marc:subfield><marc:subfield code="c">FQG</marc:subfield><marc:subfield code="d">H7K</marc:subfield><marc:subfield code="d">TJC</marc:subfield><marc:subfield code="d">DLC</marc:subfield></marc:datafield><marc:datafield tag="041" ind1="1" ind2=" "><marc:subfield code="a">eng</marc:subfield><marc:subfield code="h">spa</marc:subfield></marc:datafield><marc:datafield tag="050" ind1="0" ind2="0"><marc:subfield code="a">ND259.V3</marc:subfield><marc:subfield code="b">F58 2008</marc:subfield></marc:datafield><marc:datafield tag="130" ind1="0" ind2=" "><marc:subfield code="a">Cinco llaves del mundo secreto de Remedios Varo.</marc:subfield><marc:subfield code="l">English</marc:subfield><marc:subfield code="0">http://id.loc.gov/authorities/names/no2009037806</marc:subfield></marc:datafield><marc:datafield tag="245" ind1="1" ind2="0"><marc:subfield code="a">Five keys to the secret world of Remedios Varo /</marc:subfield><marc:subfield code="c">Alberto Ruy Sánchez ... [et al., autores] ; editor, Margarita de Orellana ; editorial coordinators, Gabriela Olmos, Michelle Suderman ; translation into English, Lorna Scott Fox, Richard Moszka, Quentin Pope ; photographs, Walter Gruen ... [et al.].</marc:subfield></marc:datafield><marc:datafield tag="250" ind1=" " ind2=" "><marc:subfield code="a">1st ed.</marc:subfield></marc:datafield><marc:datafield tag="260" ind1=" " ind2=" "><marc:subfield code="a">Mexico City :</marc:subfield><marc:subfield code="b">Artes De México,</marc:subfield><marc:subfield code="c">2008.</marc:subfield></marc:datafield><marc:datafield tag="300" ind1=" " ind2=" "><marc:subfield code="a">215 p. :</marc:subfield><marc:subfield code="b">ill. (chiefly col.) ;</marc:subfield><marc:subfield code="c">30 cm.</marc:subfield></marc:datafield><marc:datafield tag="504" ind1=" " ind2=" "><marc:subfield code="a">Includes bibliographical references.</marc:subfield></marc:datafield><marc:datafield tag="505" ind1="0" ind2=" "><marc:subfield code="a">Remedios Varo and her work for Bayer / Tere Arcq -- Five birds emerge from the ice / Alberto Ruy Sánchez -- The esoteric key: in search of the miraculous / Tere Arcq -- The architectural key: places of the unconscious / Peter Engel -- The literary key I: Weaving the fabrics of the marvellous / Jaime Moreno Villarreal -- The Surrealist key: creative energy in prewar Barcelona / Janet A. Kaplan -- The oneiric key: dreams of alchemy / Fariba Bogzaran -- The literary key II: a poet and a seer / Sandra Lisci -- Chronology / Walter Gruen &amp; Tere Arcq.</marc:subfield></marc:datafield><marc:datafield tag="520" ind1=" " ind2=" "><marc:subfield code="a">A detailed and scholarly collection of essays on the art of Varo (b. Spain 1908 - d. México 1963) as studied from 5 different perspectives, with contributions from Walter Gruen, her second husband.</marc:subfield></marc:datafield><marc:datafield tag="546" ind1=" " ind2=" "><marc:subfield code="a">English and Spanish.</marc:subfield></marc:datafield><marc:datafield tag="600" ind1="1" ind2="0"><marc:subfield code="a">Varo, Remedios,</marc:subfield><marc:subfield code="d">1908-1963</marc:subfield><marc:subfield code="x">Themes, motives.</marc:subfield></marc:datafield><marc:datafield tag="600" ind1="1" ind2="0"><marc:subfield code="a">Varo, Remedios,</marc:subfield><marc:subfield code="d">1908-1963</marc:subfield><marc:subfield code="x">Criticism and interpretation.</marc:subfield></marc:datafield><marc:datafield tag="650" ind1=" " ind2="0"><marc:subfield code="a">Surrealism</marc:subfield><marc:subfield code="z">Mexico.</marc:subfield><marc:subfield code="0">http://id.loc.gov/authorities/subjects/sh2010115146</marc:subfield></marc:datafield><marc:datafield tag="650" ind1=" " ind2="0"><marc:subfield code="a">Animals in art.</marc:subfield><marc:subfield code="0">http://id.loc.gov/authorities/subjects/sh85005283</marc:subfield></marc:datafield><marc:datafield tag="650" ind1=" " ind2="0"><marc:subfield code="a">Cats in art.</marc:subfield><marc:subfield code="0">http://id.loc.gov/authorities/subjects/sh85021279</marc:subfield></marc:datafield><marc:datafield tag="700" ind1="1" ind2=" "><marc:subfield code="a">Ruy Sánchez, Alberto,</marc:subfield><marc:subfield code="d">1951-</marc:subfield><marc:subfield code="0">http://id.loc.gov/authorities/names/n85130626</marc:subfield></marc:datafield><marc:datafield tag="700" ind1="1" ind2=" "><marc:subfield code="a">Orellana, Margarita de.</marc:subfield><marc:subfield code="0">http://id.loc.gov/authorities/names/n86011470</marc:subfield></marc:datafield><marc:datafield tag="700" ind1="1" ind2=" "><marc:subfield code="a">Olmos, Gabriela.</marc:subfield><marc:subfield code="0">http://id.loc.gov/authorities/names/no2009180119</marc:subfield></marc:datafield><marc:datafield tag="700" ind1="1" ind2=" "><marc:subfield code="a">Suderman, Michelle.</marc:subfield><marc:subfield code="0">http://id.loc.gov/authorities/names/ns2015000717</marc:subfield></marc:datafield><marc:datafield tag="700" ind1="1" ind2=" "><marc:subfield code="a">Gruen, Walter,</marc:subfield><marc:subfield code="d">1914-2008.</marc:subfield></marc:datafield><marc:datafield tag="902" ind1=" " ind2=" "><marc:subfield code="a">ss</marc:subfield><marc:subfield code="b">l</marc:subfield><marc:subfield code="6">a</marc:subfield><marc:subfield code="7">m</marc:subfield><marc:subfield code="d">v</marc:subfield><marc:subfield code="f">1</marc:subfield><marc:subfield code="e">20090611</marc:subfield></marc:datafield><marc:datafield tag="904" ind1=" " ind2=" "><marc:subfield code="a">of</marc:subfield><marc:subfield code="b">a</marc:subfield><marc:subfield code="h">m</marc:subfield><marc:subfield code="c">b</marc:subfield><marc:subfield code="e">20081020</marc:subfield></marc:datafield><marc:datafield tag="914" ind1=" " ind2=" "><marc:subfield code="a">(OCoLC)ocn288945286</marc:subfield><marc:subfield code="b">OCoLC</marc:subfield><marc:subfield code="c">match</marc:subfield><marc:subfield code="d">20240501</marc:subfield><marc:subfield code="e">processed</marc:subfield><marc:subfield code="f">288945286</marc:subfield></marc:datafield><marc:datafield tag="999" ind1=" " ind2=" "><marc:subfield code="a">5591718</marc:subfield></marc:datafield></marc:record>