
<marc:record><marc:leader>02283pam a22004094a 4500</marc:leader>
<marc:controlfield tag="001">9956107463506421</marc:controlfield>
<marc:controlfield tag="005">20240711064346.0</marc:controlfield><marc:controlfield tag="008">080807s2008    nyua          000 1 eng  </marc:controlfield><marc:datafield tag="010" ind1=" " ind2=" "><marc:subfield code="a">  2008034914</marc:subfield></marc:datafield><marc:datafield tag="020" ind1=" " ind2=" "><marc:subfield code="a">9780553807066 (hardcover)</marc:subfield></marc:datafield><marc:datafield tag="020" ind1=" " ind2=" "><marc:subfield code="a">0553807064 (hardcover)</marc:subfield></marc:datafield><marc:datafield tag="035" ind1=" " ind2=" "><marc:subfield code="a">(NjP)5610746-princetondb</marc:subfield></marc:datafield><marc:datafield tag="035" ind1=" " ind2=" "><marc:subfield code="z">(NjP)Voyager5610746</marc:subfield></marc:datafield><marc:datafield tag="035" ind1=" " ind2=" "><marc:subfield code="a">(OCoLC)ocn223891415</marc:subfield></marc:datafield><marc:datafield tag="040" ind1=" " ind2=" "><marc:subfield code="a">DLC</marc:subfield><marc:subfield code="b">eng</marc:subfield><marc:subfield code="c">DLC</marc:subfield><marc:subfield code="d">BTCTA</marc:subfield><marc:subfield code="d">BAKER</marc:subfield><marc:subfield code="d">YDXCP</marc:subfield><marc:subfield code="d">ABG</marc:subfield><marc:subfield code="d">CD5</marc:subfield><marc:subfield code="d">UPZ</marc:subfield><marc:subfield code="d">C#P</marc:subfield></marc:datafield><marc:datafield tag="043" ind1=" " ind2=" "><marc:subfield code="a">n-us-va</marc:subfield></marc:datafield><marc:datafield tag="050" ind1="0" ind2="0"><marc:subfield code="a">PS3552.R698</marc:subfield><marc:subfield code="b">S26 2008</marc:subfield></marc:datafield><marc:datafield tag="082" ind1="0" ind2="0"><marc:subfield code="a">813/.54</marc:subfield><marc:subfield code="2">22</marc:subfield></marc:datafield><marc:datafield tag="100" ind1="1" ind2=" "><marc:subfield code="a">Brown, Rita Mae.</marc:subfield><marc:subfield code="0">http://id.loc.gov/authorities/names/n50039592</marc:subfield></marc:datafield><marc:datafield tag="245" ind1="1" ind2="0"><marc:subfield code="a">Santa clawed /</marc:subfield><marc:subfield code="c">Rita Mae Brown &amp; Sneaky Pie Brown ; illustrations by Michael Gellatly.</marc:subfield></marc:datafield><marc:datafield tag="260" ind1=" " ind2=" "><marc:subfield code="a">New York :</marc:subfield><marc:subfield code="b">Bantam Books,</marc:subfield><marc:subfield code="c">2008.</marc:subfield></marc:datafield><marc:datafield tag="300" ind1=" " ind2=" "><marc:subfield code="a">xiv, 237 p. :</marc:subfield><marc:subfield code="b">ill. ;</marc:subfield><marc:subfield code="c">22 cm.</marc:subfield></marc:datafield><marc:datafield tag="500" ind1=" " ind2=" "><marc:subfield code="a">&quot;A Mrs. Murphy mystery&quot;--Jacket.</marc:subfield></marc:datafield><marc:datafield tag="520" ind1=" " ind2=" "><marc:subfield code="a">Harry and her husband, Fair, have gone to fetch a Christmas tree at the tree farm run by The Brothers of Love, a semimonastic organization that tends to AIDS patients, when they find the tree they've chosen grimly decorated with a dead body. Can Harry, the sleuthing cats Mrs. Murphy and Pewter, and corgi Tee Tucker save the season from a killjoy who's decided to gift the festive little town of Crozet, Virginia, with murder?</marc:subfield></marc:datafield><marc:datafield tag="546" ind1=" " ind2=" "><marc:subfield code="a">English and Slovak.</marc:subfield></marc:datafield><marc:datafield tag="650" ind1=" " ind2="0"><marc:subfield code="a">Haristeen, Harry (Fictitious character)</marc:subfield><marc:subfield code="v">Fiction.</marc:subfield><marc:subfield code="0">http://id.loc.gov/authorities/subjects/sh2008121410</marc:subfield></marc:datafield><marc:datafield tag="650" ind1=" " ind2="0"><marc:subfield code="a">Murphy, Mrs. (Fictitious character)</marc:subfield><marc:subfield code="v">Fiction.</marc:subfield><marc:subfield code="0">http://id.loc.gov/authorities/subjects/sh2010102731</marc:subfield></marc:datafield><marc:datafield tag="650" ind1=" " ind2="0"><marc:subfield code="a">Women postal service employees</marc:subfield><marc:subfield code="v">Fiction.</marc:subfield><marc:subfield code="0">http://id.loc.gov/authorities/subjects/sh2010118867</marc:subfield></marc:datafield><marc:datafield tag="650" ind1=" " ind2="0"><marc:subfield code="a">Women detectives</marc:subfield><marc:subfield code="z">Virginia</marc:subfield><marc:subfield code="v">Fiction.</marc:subfield><marc:subfield code="0">http://id.loc.gov/authorities/subjects/sh2010118866</marc:subfield></marc:datafield><marc:datafield tag="650" ind1=" " ind2="0"><marc:subfield code="a">Women cat owners</marc:subfield><marc:subfield code="v">Fiction.</marc:subfield><marc:subfield code="0">http://id.loc.gov/authorities/subjects/sh2008113423</marc:subfield></marc:datafield><marc:datafield tag="650" ind1=" " ind2="0"><marc:subfield code="a">Cats</marc:subfield><marc:subfield code="v">Fiction.</marc:subfield><marc:subfield code="0">http://id.loc.gov/authorities/subjects/sh2008100164</marc:subfield></marc:datafield><marc:datafield tag="651" ind1=" " ind2="0"><marc:subfield code="a">Crozet (Va.)</marc:subfield><marc:subfield code="v">Fiction.</marc:subfield></marc:datafield><marc:datafield tag="655" ind1=" " ind2="0"><marc:subfield code="a">Christmas fiction.</marc:subfield></marc:datafield><marc:datafield tag="655" ind1=" " ind2="7"><marc:subfield code="a">Fiction.</marc:subfield><marc:subfield code="2">lcgft</marc:subfield><marc:subfield code="0">http://id.loc.gov/authorities/genreForms/gf2014026339</marc:subfield></marc:datafield><marc:datafield tag="902" ind1=" " ind2=" "><marc:subfield code="a">yj</marc:subfield><marc:subfield code="b">s</marc:subfield><marc:subfield code="6">a</marc:subfield><marc:subfield code="7">m</marc:subfield><marc:subfield code="d">v</marc:subfield><marc:subfield code="f">1</marc:subfield><marc:subfield code="e">20081211</marc:subfield></marc:datafield><marc:datafield tag="904" ind1=" " ind2=" "><marc:subfield code="a">yj</marc:subfield><marc:subfield code="b">a</marc:subfield><marc:subfield code="h">m</marc:subfield><marc:subfield code="c">b</marc:subfield><marc:subfield code="e">20081211</marc:subfield></marc:datafield><marc:datafield tag="914" ind1=" " ind2=" "><marc:subfield code="a">(OCoLC)ocn223891415</marc:subfield><marc:subfield code="b">OCoLC</marc:subfield><marc:subfield code="c">match</marc:subfield><marc:subfield code="d">20240710</marc:subfield><marc:subfield code="e">processed</marc:subfield><marc:subfield code="f">223891415</marc:subfield></marc:datafield></marc:record>