
<marc:record><marc:leader>01632cam a2200373 a 4500</marc:leader>
<marc:controlfield tag="001">9956116033506421</marc:controlfield>
<marc:controlfield tag="005">20240711064405.0</marc:controlfield><marc:controlfield tag="008">081105s2008    fr a     b    000 0 fre c</marc:controlfield><marc:datafield tag="020" ind1=" " ind2=" "><marc:subfield code="a">9782844786968</marc:subfield></marc:datafield><marc:datafield tag="020" ind1=" " ind2=" "><marc:subfield code="a">2844786960</marc:subfield></marc:datafield><marc:datafield tag="035" ind1=" " ind2=" "><marc:subfield code="a">(NjP)5611603-princetondb</marc:subfield></marc:datafield><marc:datafield tag="035" ind1=" " ind2=" "><marc:subfield code="z">(NjP)Voyager5611603</marc:subfield></marc:datafield><marc:datafield tag="035" ind1=" " ind2=" "><marc:subfield code="a">(OCoLC)ocn271806398</marc:subfield></marc:datafield><marc:datafield tag="040" ind1=" " ind2=" "><marc:subfield code="a">TZT</marc:subfield><marc:subfield code="b">eng</marc:subfield><marc:subfield code="c">TZT</marc:subfield><marc:subfield code="d">IXA</marc:subfield></marc:datafield><marc:datafield tag="042" ind1=" " ind2=" "><marc:subfield code="a">pcc</marc:subfield></marc:datafield><marc:datafield tag="050" ind1=" " ind2="4"><marc:subfield code="a">PN6714</marc:subfield><marc:subfield code="b">.D476 2008</marc:subfield></marc:datafield><marc:datafield tag="100" ind1="1" ind2=" "><marc:subfield code="a">Derouet, Julien.</marc:subfield><marc:subfield code="0">http://id.loc.gov/authorities/names/no2009109793</marc:subfield></marc:datafield><marc:datafield tag="245" ind1="1" ind2="3"><marc:subfield code="a">Le chat dans la bande dessinée :</marc:subfield><marc:subfield code="b">de Félix à Blacksad, un siècle d'espliéglerie [sic] féline dans le petit monde du IXe art /</marc:subfield><marc:subfield code="c">Julien Derouet.</marc:subfield></marc:datafield><marc:datafield tag="246" ind1="3" ind2=" "><marc:subfield code="a">De Félix à Blacksad, un siècle d'espièglerie féline dans le petit monde du IXe art</marc:subfield></marc:datafield><marc:datafield tag="246" ind1="3" ind2=" "><marc:subfield code="a">Siècle d'espièglerie féline dans le petit monde du IXe art</marc:subfield></marc:datafield><marc:datafield tag="260" ind1=" " ind2=" "><marc:subfield code="a">Turquant :</marc:subfield><marc:subfield code="b">Cheminements,</marc:subfield><marc:subfield code="c">c2008.</marc:subfield></marc:datafield><marc:datafield tag="300" ind1=" " ind2=" "><marc:subfield code="a">126 p. :</marc:subfield><marc:subfield code="b">ill. (some col.) ;</marc:subfield><marc:subfield code="c">23 cm.</marc:subfield></marc:datafield><marc:datafield tag="490" ind1="1" ind2=" "><marc:subfield code="a">La bulle au carré</marc:subfield></marc:datafield><marc:datafield tag="504" ind1=" " ind2=" "><marc:subfield code="a">Includes bibliographical references (p. 125-126).</marc:subfield></marc:datafield><marc:datafield tag="546" ind1=" " ind2=" "><marc:subfield code="a">English and Sinhalese.</marc:subfield></marc:datafield><marc:datafield tag="650" ind1=" " ind2="0"><marc:subfield code="a">Cats</marc:subfield><marc:subfield code="v">Comic books, strips, etc.</marc:subfield><marc:subfield code="x">History.</marc:subfield></marc:datafield><marc:datafield tag="650" ind1=" " ind2="0"><marc:subfield code="a">Cats</marc:subfield><marc:subfield code="v">Humor.</marc:subfield><marc:subfield code="0">http://id.loc.gov/authorities/subjects/sh2008100215</marc:subfield></marc:datafield><marc:datafield tag="655" ind1=" " ind2="7"><marc:subfield code="a">Humor.</marc:subfield><marc:subfield code="2">lcgft</marc:subfield><marc:subfield code="0">http://id.loc.gov/authorities/genreForms/gf2014026110</marc:subfield></marc:datafield><marc:datafield tag="655" ind1=" " ind2="7"><marc:subfield code="a">Comics (Graphic works)</marc:subfield><marc:subfield code="2">lcgft</marc:subfield><marc:subfield code="0">http://id.loc.gov/authorities/genreForms/gf2014026266</marc:subfield></marc:datafield><marc:datafield tag="830" ind1=" " ind2="0"><marc:subfield code="a">Bulle au carré</marc:subfield></marc:datafield><marc:datafield tag="902" ind1=" " ind2=" "><marc:subfield code="a">ss</marc:subfield><marc:subfield code="b">l</marc:subfield><marc:subfield code="6">a</marc:subfield><marc:subfield code="7">m</marc:subfield><marc:subfield code="d">v</marc:subfield><marc:subfield code="f">1</marc:subfield><marc:subfield code="e">20100208</marc:subfield></marc:datafield><marc:datafield tag="904" ind1=" " ind2=" "><marc:subfield code="a">ss</marc:subfield><marc:subfield code="b">a</marc:subfield><marc:subfield code="h">m</marc:subfield><marc:subfield code="c">b</marc:subfield><marc:subfield code="e">20081216</marc:subfield></marc:datafield><marc:datafield tag="914" ind1=" " ind2=" "><marc:subfield code="a">(OCoLC)ocn271806398</marc:subfield><marc:subfield code="b">OCoLC</marc:subfield><marc:subfield code="c">match</marc:subfield><marc:subfield code="d">20240710</marc:subfield><marc:subfield code="e">processed</marc:subfield><marc:subfield code="f">271806398</marc:subfield></marc:datafield><marc:datafield tag="999" ind1=" " ind2=" "><marc:subfield code="a">5611603</marc:subfield></marc:datafield></marc:record>