
<marc:record><marc:leader>04592cam a2200433 a 4500</marc:leader>
<marc:controlfield tag="001">9956116343506421</marc:controlfield>
<marc:controlfield tag="005">20240711064411.0</marc:controlfield><marc:controlfield tag="008">080822s2008    ne a     b    101 0 eng d</marc:controlfield><marc:datafield tag="010" ind1=" " ind2=" "><marc:subfield code="a">  2008928730</marc:subfield></marc:datafield><marc:datafield tag="020" ind1=" " ind2=" "><marc:subfield code="a">9781586038564</marc:subfield></marc:datafield><marc:datafield tag="020" ind1=" " ind2=" "><marc:subfield code="a">1586038567</marc:subfield></marc:datafield><marc:datafield tag="035" ind1=" " ind2=" "><marc:subfield code="a">(NjP)5611634-princetondb</marc:subfield></marc:datafield><marc:datafield tag="035" ind1=" " ind2=" "><marc:subfield code="z">(NjP)Voyager5611634</marc:subfield></marc:datafield><marc:datafield tag="035" ind1=" " ind2=" "><marc:subfield code="a">(OCoLC)ocn244320577</marc:subfield></marc:datafield><marc:datafield tag="040" ind1=" " ind2=" "><marc:subfield code="a">YDXCP</marc:subfield><marc:subfield code="b">eng</marc:subfield><marc:subfield code="c">YDXCP</marc:subfield><marc:subfield code="d">DLC</marc:subfield><marc:subfield code="d">BWX</marc:subfield><marc:subfield code="d">UNAMX</marc:subfield><marc:subfield code="d">COD</marc:subfield><marc:subfield code="d">NjP</marc:subfield></marc:datafield><marc:datafield tag="042" ind1=" " ind2=" "><marc:subfield code="a">lccopycat</marc:subfield></marc:datafield><marc:datafield tag="050" ind1="0" ind2="0"><marc:subfield code="a">TK5105.59</marc:subfield><marc:subfield code="b">.A87 2008</marc:subfield></marc:datafield><marc:datafield tag="111" ind1="2" ind2=" "><marc:subfield code="a">NATO Advanced Study Institute on Network Security and Intrusion Detection</marc:subfield><marc:subfield code="d">(2005 :</marc:subfield><marc:subfield code="c">Yerevan, Armenia)</marc:subfield><marc:subfield code="0">http://id.loc.gov/authorities/names/nb2008017554</marc:subfield></marc:datafield><marc:datafield tag="245" ind1="1" ind2="0"><marc:subfield code="a">Aspects of network and information security /</marc:subfield><marc:subfield code="c">edited by Evangelos Kranakis, Evgueni Haroutunian, and Elisa Shahbazian</marc:subfield></marc:datafield><marc:datafield tag="260" ind1=" " ind2=" "><marc:subfield code="a">Amsterdam ;</marc:subfield><marc:subfield code="a">Washington D.C. :</marc:subfield><marc:subfield code="b">IOS Press,</marc:subfield><marc:subfield code="c">c2008.</marc:subfield></marc:datafield><marc:datafield tag="300" ind1=" " ind2=" "><marc:subfield code="a">ix, 355 p. :</marc:subfield><marc:subfield code="b">ill. ;</marc:subfield><marc:subfield code="c">25 cm.</marc:subfield></marc:datafield><marc:datafield tag="490" ind1="1" ind2=" "><marc:subfield code="a">NATO science for peace and security series. Sub-series D: Information and communication security,</marc:subfield><marc:subfield code="x">1874-6268 ;</marc:subfield><marc:subfield code="v">v. 17</marc:subfield></marc:datafield><marc:datafield tag="500" ind1=" " ind2=" "><marc:subfield code="a">&quot;Proceedings of the NATO Advanced Study Institute on Network Security and Intrusion Detection, Yerevan, Armenia, 1-12 October 2005.&quot;</marc:subfield></marc:datafield><marc:datafield tag="500" ind1=" " ind2=" "><marc:subfield code="a">&quot;Published in cooperation with NATO Public Diplomacy Division.&quot;</marc:subfield></marc:datafield><marc:datafield tag="504" ind1=" " ind2=" "><marc:subfield code="a">Includes bibliographical references and index.</marc:subfield></marc:datafield><marc:datafield tag="505" ind1="0" ind2="0"><marc:subfield code="g">Preface -- Section I: Network security:</marc:subfield><marc:subfield code="t">Network security and survivability: using wireless overlay networks for critical infrastructure protection /</marc:subfield><marc:subfield code="r">M. Bermester --</marc:subfield><marc:subfield code="t">Security when routers are taken over by the adversary /</marc:subfield><marc:subfield code="r">Y. Desmedt --</marc:subfield><marc:subfield code="t">Security in quantum cryptography and quantum networks /</marc:subfield><marc:subfield code="r">J. Gruska --</marc:subfield><marc:subfield code="g">The</marc:subfield><marc:subfield code="t">case for self-healing software /</marc:subfield><marc:subfield code="r">A. D. Keromytis --</marc:subfield><marc:subfield code="t">Multi-agent modeling and the simulation of computer network security processes: &quot;a game of network cats and mice&quot; /</marc:subfield><marc:subfield code="r">I. Kotenko --</marc:subfield><marc:subfield code="t">Formal treatment of secure protocols: an introduction /</marc:subfield><marc:subfield code="r">D. Krizanc, J. Lipton --</marc:subfield><marc:subfield code="t">Behavioral and structural properties of malicious code /</marc:subfield><marc:subfield code="r">C. Kruegel --</marc:subfield><marc:subfield code="t">Security from the practitioner's point of view /</marc:subfield><marc:subfield code="r">M. Oit --</marc:subfield><marc:subfield code="t">Mobile and wireless communications security /</marc:subfield><marc:subfield code="r">B. Preneel --</marc:subfield><marc:subfield code="t">Humanitarian problems in information security /</marc:subfield><marc:subfield code="r">V. Tairyan, ... [et al.] --</marc:subfield><marc:subfield code="t">Multimedia security: open problems and solutions /</marc:subfield><marc:subfield code="r">S. Voloshynovskiy, ... [et al.] --</marc:subfield><marc:subfield code="g">A</marc:subfield><marc:subfield code="t">selective introduction to border gateway protocol (BGP) security issues /</marc:subfield><marc:subfield code="r">T. Wan, P. C. van Oorschot, E. Kranakis --</marc:subfield><marc:subfield code="g">Section II: Information security:</marc:subfield><marc:subfield code="t">Steganography &amp; steganalysis an overview of research &amp; challenges /</marc:subfield><marc:subfield code="r">S. S. Agaian --</marc:subfield><marc:subfield code="t">Guessing and cryptography /</marc:subfield><marc:subfield code="r">E. Arikan --</marc:subfield><marc:subfield code="g">The</marc:subfield><marc:subfield code="t">exact approximate encryption of quantum information /</marc:subfield><marc:subfield code="r">J. Bouda --</marc:subfield><marc:subfield code="g">A</marc:subfield><marc:subfield code="t">new approach to stochastic quantum processes, their manipulation and control /</marc:subfield><marc:subfield code="r">A. Gevorkyan --</marc:subfield><marc:subfield code="t">Reliability approach in Wiretapper guessing theory /</marc:subfield><marc:subfield code="r">E. A. Haroutunian --</marc:subfield><marc:subfield code="t">E-capacity of information hiding systems /</marc:subfield><marc:subfield code="r">M. E. Haroutunian --</marc:subfield><marc:subfield code="t">Quasicrystals in cryptography /</marc:subfield><marc:subfield code="r">J. Patera, M. Nesterenko --</marc:subfield><marc:subfield code="t">Asymptotic investigation of mutual information and capacity of certain communication channels /</marc:subfield><marc:subfield code="r">V. Prelov --</marc:subfield><marc:subfield code="t">Information theory of covert timing channels /</marc:subfield><marc:subfield code="r">A. B Wagner, V. Anantharam --</marc:subfield><marc:subfield code="g">Section III: Coding: A</marc:subfield><marc:subfield code="t">survey of new results in coding with feedback and searching with lies /</marc:subfield><marc:subfield code="r">C. Deppe --</marc:subfield><marc:subfield code="t">Remarks on e-optimal rate function in DMS coding /</marc:subfield><marc:subfield code="r">A. Harutyunyan --</marc:subfield><marc:subfield code="t">Reconstruction of data distorted by some errors /</marc:subfield><marc:subfield code="r">E. Konstantinova --</marc:subfield><marc:subfield code="t">On (w, r) cover-free codes /</marc:subfield><marc:subfield code="r">V. Lebedev --</marc:subfield><marc:subfield code="t">Switching methods for error-correcting codes /</marc:subfield><marc:subfield code="r">F. Solovéva --</marc:subfield><marc:subfield code="t">On reconstruction of functions on the hypercube /</marc:subfield><marc:subfield code="r">A. Vasiléva.</marc:subfield></marc:datafield><marc:datafield tag="546" ind1=" " ind2=" "><marc:subfield code="a">English and Somali.</marc:subfield></marc:datafield><marc:datafield tag="650" ind1=" " ind2="0"><marc:subfield code="a">Computer networks</marc:subfield><marc:subfield code="x">Security measures</marc:subfield><marc:subfield code="v">Congresses.</marc:subfield><marc:subfield code="0">http://id.loc.gov/authorities/subjects/sh2008101490</marc:subfield></marc:datafield><marc:datafield tag="650" ind1=" " ind2="0"><marc:subfield code="a">Information networks</marc:subfield><marc:subfield code="x">Security measures</marc:subfield><marc:subfield code="v">Congresses.</marc:subfield></marc:datafield><marc:datafield tag="700" ind1="1" ind2=" "><marc:subfield code="a">Kranakis, Evangelos.</marc:subfield><marc:subfield code="0">http://id.loc.gov/authorities/names/n85130251</marc:subfield></marc:datafield><marc:datafield tag="700" ind1="1" ind2=" "><marc:subfield code="a">Haroutunian, Evgueni A.</marc:subfield><marc:subfield code="0">http://id.loc.gov/authorities/names/no2008057214</marc:subfield></marc:datafield><marc:datafield tag="700" ind1="1" ind2=" "><marc:subfield code="a">Shahbazian, E.</marc:subfield><marc:subfield code="q">(Elisa)</marc:subfield><marc:subfield code="0">http://id.loc.gov/authorities/names/n2002013746</marc:subfield></marc:datafield><marc:datafield tag="710" ind1="2" ind2=" "><marc:subfield code="a">North Atlantic Treaty Organization.</marc:subfield><marc:subfield code="b">Public Diplomacy Division.</marc:subfield><marc:subfield code="0">http://id.loc.gov/authorities/names/nb2004313249</marc:subfield></marc:datafield><marc:datafield tag="710" ind1="2" ind2=" "><marc:subfield code="a">NATO Science for Peace and Security Programme.</marc:subfield><marc:subfield code="0">http://id.loc.gov/authorities/names/no2007094951</marc:subfield></marc:datafield><marc:datafield tag="830" ind1=" " ind2="0"><marc:subfield code="a">NATO science for peace and security series.</marc:subfield><marc:subfield code="n">Sub-series D,</marc:subfield><marc:subfield code="p">Information and communication security ;</marc:subfield><marc:subfield code="v">v. 17.</marc:subfield></marc:datafield><marc:datafield tag="902" ind1=" " ind2=" "><marc:subfield code="a">amt</marc:subfield><marc:subfield code="b">m</marc:subfield><marc:subfield code="6">a</marc:subfield><marc:subfield code="7">m</marc:subfield><marc:subfield code="d">v</marc:subfield><marc:subfield code="f">1</marc:subfield><marc:subfield code="e">20090203</marc:subfield></marc:datafield><marc:datafield tag="904" ind1=" " ind2=" "><marc:subfield code="a">tja</marc:subfield><marc:subfield code="b">a</marc:subfield><marc:subfield code="h">m</marc:subfield><marc:subfield code="c">b</marc:subfield><marc:subfield code="e">20090107</marc:subfield></marc:datafield><marc:datafield tag="914" ind1=" " ind2=" "><marc:subfield code="a">(OCoLC)ocn244320577</marc:subfield><marc:subfield code="b">OCoLC</marc:subfield><marc:subfield code="c">match</marc:subfield><marc:subfield code="d">20240710</marc:subfield><marc:subfield code="e">processed</marc:subfield><marc:subfield code="f">244320577</marc:subfield></marc:datafield><marc:datafield tag="999" ind1=" " ind2=" "><marc:subfield code="a">5611634</marc:subfield></marc:datafield></marc:record>