
<marc:record><marc:leader>03135cam a2200385 a 4500</marc:leader>
<marc:controlfield tag="001">9956128863506421</marc:controlfield>
<marc:controlfield tag="005">20240812125030.0</marc:controlfield><marc:controlfield tag="008">080201s2008    nyua          000 0beng  </marc:controlfield><marc:datafield tag="010" ind1=" " ind2=" "><marc:subfield code="a">  2008004498</marc:subfield></marc:datafield><marc:datafield tag="020" ind1=" " ind2=" "><marc:subfield code="a">9780446407410</marc:subfield></marc:datafield><marc:datafield tag="020" ind1=" " ind2=" "><marc:subfield code="a">0446407410</marc:subfield></marc:datafield><marc:datafield tag="035" ind1=" " ind2=" "><marc:subfield code="a">(NjP)5612886-princetondb</marc:subfield></marc:datafield><marc:datafield tag="035" ind1=" " ind2=" "><marc:subfield code="a">(OCoLC)ocn191865523</marc:subfield></marc:datafield><marc:datafield tag="035" ind1=" " ind2=" "><marc:subfield code="z">(NjP)Voyager5612886</marc:subfield></marc:datafield><marc:datafield tag="040" ind1=" " ind2=" "><marc:subfield code="a">DLC</marc:subfield><marc:subfield code="b">eng</marc:subfield><marc:subfield code="c">DLC</marc:subfield><marc:subfield code="d">YDX</marc:subfield><marc:subfield code="d">BAKER</marc:subfield><marc:subfield code="d">BTCTA</marc:subfield><marc:subfield code="d">YDXCP</marc:subfield><marc:subfield code="d">UPZ</marc:subfield><marc:subfield code="d">EPL</marc:subfield><marc:subfield code="d">ZJI</marc:subfield><marc:subfield code="d">BUR</marc:subfield><marc:subfield code="d">EHH</marc:subfield><marc:subfield code="d">VP@</marc:subfield><marc:subfield code="d">LMR</marc:subfield><marc:subfield code="d">JED</marc:subfield><marc:subfield code="d">NOR</marc:subfield><marc:subfield code="d">OCLCQ</marc:subfield><marc:subfield code="d">CBC</marc:subfield></marc:datafield><marc:datafield tag="043" ind1=" " ind2=" "><marc:subfield code="a">n-us-ia</marc:subfield></marc:datafield><marc:datafield tag="050" ind1="0" ind2="0"><marc:subfield code="a">SF445.5</marc:subfield><marc:subfield code="b">.M97 2008</marc:subfield></marc:datafield><marc:datafield tag="082" ind1="0" ind2="0"><marc:subfield code="a">636.8092/9</marc:subfield><marc:subfield code="2">22</marc:subfield></marc:datafield><marc:datafield tag="100" ind1="1" ind2=" "><marc:subfield code="a">Myron, Vicki.</marc:subfield><marc:subfield code="0">http://id.loc.gov/authorities/names/n2008007880</marc:subfield></marc:datafield><marc:datafield tag="245" ind1="1" ind2="0"><marc:subfield code="a">Dewey :</marc:subfield><marc:subfield code="b">the small-town library cat who touched the world /</marc:subfield><marc:subfield code="c">Vicki Myron, with Bret Witter.</marc:subfield></marc:datafield><marc:datafield tag="250" ind1=" " ind2=" "><marc:subfield code="a">1st ed.</marc:subfield></marc:datafield><marc:datafield tag="260" ind1=" " ind2=" "><marc:subfield code="a">New York :</marc:subfield><marc:subfield code="b">Grand Central Pub.,</marc:subfield><marc:subfield code="c">2008.</marc:subfield></marc:datafield><marc:datafield tag="300" ind1=" " ind2=" "><marc:subfield code="a">viii, 277 p. :</marc:subfield><marc:subfield code="b">ill. ;</marc:subfield><marc:subfield code="c">22 cm.</marc:subfield></marc:datafield><marc:datafield tag="505" ind1="0" ind2=" "><marc:subfield code="a">Introduction: Welcome to Iowa -- The coldest morning -- A perfect addition -- Dewey Readmore Books -- A day in the library -- Catnip and rubber bands -- Moneta -- Grand Avenue -- A cat's best friends -- Dewey and Jodi -- A long way from home -- Hide-and-seek -- Christmas -- A great library -- Dewey's great escape -- Spencer's favorite cat -- Iowa's famous library cat -- Dewey in the modern world -- Puss in books -- The world's worst eater -- Dewey's new friends -- What makes us special? -- Dewey goes to Japan -- Memories of Mom -- Dewey's diet -- The meeting -- Dewey's love -- Loving Dewey -- Epilogue: Last thoughts from Iowa.</marc:subfield></marc:datafield><marc:datafield tag="520" ind1=" " ind2=" "><marc:subfield code="a">The charming story of Dewey Readmore Books, the beloved library cat of Spencer, Iowa.</marc:subfield></marc:datafield><marc:datafield tag="520" ind1=" " ind2=" "><marc:subfield code="a">The story of Dewey Readmore Books, the beloved library cat, starts in the worst possible way. Only a few weeks old, on the coldest night of the year, he was stuffed into the book return slot at the Spencer, Iowa, Public Library. He was found the next morning by library director, Vicki Myron, a single mother who had survived the loss of her family farm, a breast cancer scare, and an alcoholic husband. Dewey won her heart, and the hearts of the staff, by pulling himself up and hobbling on frostbitten feet to nudge each of them in a gesture of thanks and love. For the next nineteen years, he never stopped charming the people of Spencer with his enthusiasm, warmth, humility (for a cat), and, above all, his sixth sense about who needed him most.--From publisher description.</marc:subfield></marc:datafield><marc:datafield tag="546" ind1=" " ind2=" "><marc:subfield code="a">English and some Akan with optional English subtitles for the deaf and hard of hearing (SDH) and English descriptive audio.</marc:subfield></marc:datafield><marc:datafield tag="650" ind1=" " ind2="0"><marc:subfield code="a">Dewey (Cat)</marc:subfield><marc:subfield code="0">http://id.loc.gov/authorities/subjects/sh2008000790</marc:subfield></marc:datafield><marc:datafield tag="650" ind1=" " ind2="0"><marc:subfield code="a">Cats</marc:subfield><marc:subfield code="z">Iowa</marc:subfield><marc:subfield code="z">Spencer</marc:subfield><marc:subfield code="v">Biography.</marc:subfield></marc:datafield><marc:datafield tag="700" ind1="1" ind2=" "><marc:subfield code="a">Witter, Bret.</marc:subfield><marc:subfield code="0">http://id.loc.gov/authorities/names/n2003099677</marc:subfield></marc:datafield><marc:datafield tag="902" ind1=" " ind2=" "><marc:subfield code="a">bv</marc:subfield><marc:subfield code="b">l</marc:subfield><marc:subfield code="6">a</marc:subfield><marc:subfield code="7">m</marc:subfield><marc:subfield code="d">v</marc:subfield><marc:subfield code="f">1</marc:subfield><marc:subfield code="e">20081224</marc:subfield></marc:datafield><marc:datafield tag="904" ind1=" " ind2=" "><marc:subfield code="a">cjf</marc:subfield><marc:subfield code="b">o</marc:subfield><marc:subfield code="h">m</marc:subfield><marc:subfield code="c">b</marc:subfield><marc:subfield code="e">20081125</marc:subfield></marc:datafield><marc:datafield tag="914" ind1=" " ind2=" "><marc:subfield code="a">(OCoLC)ocn191865523</marc:subfield><marc:subfield code="b">OCoLC</marc:subfield><marc:subfield code="c">match</marc:subfield><marc:subfield code="d">20221117</marc:subfield><marc:subfield code="e">processed</marc:subfield><marc:subfield code="f">191865523</marc:subfield></marc:datafield><marc:datafield tag="956" ind1="4" ind2="2"><marc:subfield code="3">Contributor biographical information</marc:subfield><marc:subfield code="u">http://www.loc.gov/catdir/enhancements/fy0827/2008004498-b.html</marc:subfield></marc:datafield><marc:datafield tag="956" ind1="4" ind2="2"><marc:subfield code="3">Publisher description</marc:subfield><marc:subfield code="u">http://www.loc.gov/catdir/enhancements/fy0827/2008004498-d.html</marc:subfield></marc:datafield></marc:record>