
<marc:record><marc:leader>02370cam a2200337 a 4500</marc:leader>
<marc:controlfield tag="001">9956171203506421</marc:controlfield>
<marc:controlfield tag="005">20240711064457.0</marc:controlfield><marc:controlfield tag="008">061016t20062005mduab    b    001 0 eng d</marc:controlfield><marc:datafield tag="010" ind1=" " ind2=" "><marc:subfield code="a">  2006921514</marc:subfield></marc:datafield><marc:datafield tag="020" ind1=" " ind2=" "><marc:subfield code="a">0801884829</marc:subfield></marc:datafield><marc:datafield tag="020" ind1=" " ind2=" "><marc:subfield code="a">9780801884825</marc:subfield></marc:datafield><marc:datafield tag="035" ind1=" " ind2=" "><marc:subfield code="a">(NjP)5617120-princetondb</marc:subfield></marc:datafield><marc:datafield tag="035" ind1=" " ind2=" "><marc:subfield code="z">(NjP)Voyager5617120</marc:subfield></marc:datafield><marc:datafield tag="035" ind1=" " ind2=" "><marc:subfield code="a">(OCoLC)ocm73174814</marc:subfield></marc:datafield><marc:datafield tag="040" ind1=" " ind2=" "><marc:subfield code="a">CLB</marc:subfield><marc:subfield code="b">eng</marc:subfield><marc:subfield code="c">CLB</marc:subfield><marc:subfield code="d">BAKER</marc:subfield><marc:subfield code="d">JBL</marc:subfield><marc:subfield code="d">YDXCP</marc:subfield><marc:subfield code="d">EUF</marc:subfield><marc:subfield code="d">CRH</marc:subfield><marc:subfield code="d">VP@</marc:subfield><marc:subfield code="d">DRB</marc:subfield></marc:datafield><marc:datafield tag="050" ind1=" " ind2="4"><marc:subfield code="a">QL737.C23</marc:subfield><marc:subfield code="b">H863 2006</marc:subfield></marc:datafield><marc:datafield tag="082" ind1="0" ind2="4"><marc:subfield code="a">599.75/5096</marc:subfield><marc:subfield code="2">22</marc:subfield></marc:datafield><marc:datafield tag="100" ind1="1" ind2=" "><marc:subfield code="a">Hunter, Luke.</marc:subfield><marc:subfield code="0">http://id.loc.gov/authorities/names/n00003434</marc:subfield></marc:datafield><marc:datafield tag="245" ind1="1" ind2="0"><marc:subfield code="a">Cats of Africa :</marc:subfield><marc:subfield code="b">behavior, ecology, and conservation /</marc:subfield><marc:subfield code="c">text by Luke Hunter ; photography by Gerald Hinde.</marc:subfield></marc:datafield><marc:datafield tag="246" ind1="3" ind2="0"><marc:subfield code="a">Cats</marc:subfield></marc:datafield><marc:datafield tag="260" ind1=" " ind2=" "><marc:subfield code="a">Baltimore, MD :</marc:subfield><marc:subfield code="b">Johns Hopkins University Press,</marc:subfield><marc:subfield code="c">2006, c2005.</marc:subfield></marc:datafield><marc:datafield tag="300" ind1=" " ind2=" "><marc:subfield code="a">175 p. :</marc:subfield><marc:subfield code="b">ill. (some col.), col. maps ;</marc:subfield><marc:subfield code="c">33 cm.</marc:subfield></marc:datafield><marc:datafield tag="504" ind1=" " ind2=" "><marc:subfield code="a">Includes bibliographical references (p. 171-173) and index.</marc:subfield></marc:datafield><marc:datafield tag="505" ind1="0" ind2=" "><marc:subfield code="a">1. The feline design : evolution, anatomy and action -- The key to carnivory -- The dawn of the cats -- Physical adaptations : being a cat -- 2. Predation : hunting, killing and feeding -- Hunting strategies -- Prey : the eating habits of cats -- Statistics of the hunt : how well, how far, how often? -- 3. Solitary and sociable : social systems, land use and communication -- Social behaviour -- Land use : home ranges, territories and time-share -- Territorial maintenance : communication among cats -- 4. Populations : reproduction, mortality and survival -- Finding mates and courtship -- The life and death of cubs -- Into adulthood : dispersal and survival -- 5. Competition, conflict and coexistence : relationships among cats and other carnivores -- Interactions among the cats -- The effect of competition and conflict -- Relationships with other carnivores -- 6. Cats and humans : threats, status and conservation -- The human threat -- The status of cats : range loss, numbers and trends -- Conservation : the future of Africa's cats.</marc:subfield></marc:datafield><marc:datafield tag="546" ind1=" " ind2=" "><marc:subfield code="a">English and transliterated Sanskrit on facing pages.</marc:subfield></marc:datafield><marc:datafield tag="650" ind1=" " ind2="0"><marc:subfield code="a">Felidae</marc:subfield><marc:subfield code="z">Africa.</marc:subfield></marc:datafield><marc:datafield tag="650" ind1=" " ind2="0"><marc:subfield code="a">Felidae</marc:subfield><marc:subfield code="z">Africa</marc:subfield><marc:subfield code="v">Pictorial works.</marc:subfield></marc:datafield><marc:datafield tag="700" ind1="1" ind2=" "><marc:subfield code="a">Hinde, Gerald.</marc:subfield><marc:subfield code="0">http://id.loc.gov/authorities/names/n94059255</marc:subfield></marc:datafield><marc:datafield tag="902" ind1=" " ind2=" "><marc:subfield code="a">df</marc:subfield><marc:subfield code="b">m</marc:subfield><marc:subfield code="6">a</marc:subfield><marc:subfield code="7">m</marc:subfield><marc:subfield code="d">v</marc:subfield><marc:subfield code="f">1</marc:subfield><marc:subfield code="e">20081222</marc:subfield></marc:datafield><marc:datafield tag="904" ind1=" " ind2=" "><marc:subfield code="a">cjf</marc:subfield><marc:subfield code="b">o</marc:subfield><marc:subfield code="h">m</marc:subfield><marc:subfield code="c">b</marc:subfield><marc:subfield code="e">20081203</marc:subfield></marc:datafield><marc:datafield tag="914" ind1=" " ind2=" "><marc:subfield code="a">(OCoLC)ocm73174814</marc:subfield><marc:subfield code="b">OCoLC</marc:subfield><marc:subfield code="c">match</marc:subfield><marc:subfield code="d">20240710</marc:subfield><marc:subfield code="e">processed</marc:subfield><marc:subfield code="f">73174814</marc:subfield></marc:datafield></marc:record>