
<marc:record><marc:leader>02583cam a2200445 a 4500</marc:leader>
<marc:controlfield tag="001">9956271593506421</marc:controlfield>
<marc:controlfield tag="005">20240711065415.0</marc:controlfield><marc:controlfield tag="008">081218s2008    mauabf   b    001 0deng d</marc:controlfield><marc:datafield tag="010" ind1=" " ind2=" "><marc:subfield code="a">  2008938709</marc:subfield></marc:datafield><marc:datafield tag="019" ind1=" " ind2=" "><marc:subfield code="a">288440620</marc:subfield></marc:datafield><marc:datafield tag="020" ind1=" " ind2=" "><marc:subfield code="a">9780306816215</marc:subfield></marc:datafield><marc:datafield tag="020" ind1=" " ind2=" "><marc:subfield code="a">0306816210</marc:subfield></marc:datafield><marc:datafield tag="035" ind1=" " ind2=" "><marc:subfield code="a">(OrLoB)R9751518</marc:subfield></marc:datafield><marc:datafield tag="035" ind1=" " ind2=" "><marc:subfield code="a">(NjP)5627159-princetondb</marc:subfield></marc:datafield><marc:datafield tag="035" ind1=" " ind2=" "><marc:subfield code="z">(OCoLC)288440620</marc:subfield></marc:datafield><marc:datafield tag="035" ind1=" " ind2=" "><marc:subfield code="z">(NjP)Voyager5627159</marc:subfield></marc:datafield><marc:datafield tag="035" ind1=" " ind2=" "><marc:subfield code="a">(OCoLC)ocn225874956</marc:subfield></marc:datafield><marc:datafield tag="040" ind1=" " ind2=" "><marc:subfield code="a">BTCTA</marc:subfield><marc:subfield code="b">eng</marc:subfield><marc:subfield code="c">BTCTA</marc:subfield><marc:subfield code="d">BAKER</marc:subfield><marc:subfield code="d">YDXCP</marc:subfield><marc:subfield code="d">BWX</marc:subfield><marc:subfield code="d">VPW</marc:subfield><marc:subfield code="d">OCLCQ</marc:subfield><marc:subfield code="d">SUC</marc:subfield></marc:datafield><marc:datafield tag="043" ind1=" " ind2=" "><marc:subfield code="a">mm-----</marc:subfield><marc:subfield code="a">a-iq---</marc:subfield></marc:datafield><marc:datafield tag="050" ind1=" " ind2="4"><marc:subfield code="a">D56.52.H45</marc:subfield><marc:subfield code="b">M37 2008</marc:subfield></marc:datafield><marc:datafield tag="082" ind1="0" ind2="4"><marc:subfield code="a">910.92</marc:subfield></marc:datafield><marc:datafield tag="100" ind1="1" ind2=" "><marc:subfield code="a">Marozzi, Justin,</marc:subfield><marc:subfield code="d">1970-</marc:subfield><marc:subfield code="0">http://id.loc.gov/authorities/names/nb2001008932</marc:subfield></marc:datafield><marc:datafield tag="245" ind1="1" ind2="4"><marc:subfield code="a">The way of Herodotus :</marc:subfield><marc:subfield code="b">travels with the man who invented history /</marc:subfield><marc:subfield code="c">Justin Marozzi.</marc:subfield></marc:datafield><marc:datafield tag="250" ind1=" " ind2=" "><marc:subfield code="a">1st Da Capo Press ed.</marc:subfield></marc:datafield><marc:datafield tag="260" ind1=" " ind2=" "><marc:subfield code="a">[Cambridge, MA] :</marc:subfield><marc:subfield code="b">Da Capo Press,</marc:subfield><marc:subfield code="c">2008.</marc:subfield></marc:datafield><marc:datafield tag="300" ind1=" " ind2=" "><marc:subfield code="a">xv, 348 p., [16] p. of plates :</marc:subfield><marc:subfield code="b">ill., maps ;</marc:subfield><marc:subfield code="c">24 cm.</marc:subfield></marc:datafield><marc:datafield tag="504" ind1=" " ind2=" "><marc:subfield code="a">Includes bibliographical references (p. 327-333) and index.</marc:subfield></marc:datafield><marc:datafield tag="505" ind1="0" ind2=" "><marc:subfield code="a">Introduction: Dog-headed men, gold-digging ants and flying snakes, or, Why we should all read Herodotus -- Turkey. Priestesses with beards ; Underwater Herodotus -- Iraq. Fools and wars ; Baghdad, evangelicals and mocking madmen ; Babylon -- Egypt. Memphis and Thebes : tall stories and self-immolating cats, or, No sex in temples, please, we're Egyptian ; Herodotus in Hollywood (and the Sahara) ; Cairo, mother of the world -- Greece. Athens, city hall of wisdom ; Herodotus meets Aristotle ; Thessaloniki : history on the front line ; An exorcism ; Lunch (and a good deal of Retsina) with Patrick Leigh Fermor ; 'Fill high the bowl with Samian wine!' ; Wassailing gods, pious preists and tearful monks.</marc:subfield></marc:datafield><marc:datafield tag="546" ind1=" " ind2=" "><marc:subfield code="a">Hebrew, Aramaic, English and French.</marc:subfield></marc:datafield><marc:datafield tag="600" ind1="0" ind2="0"><marc:subfield code="a">Herodotus.</marc:subfield><marc:subfield code="t">History.</marc:subfield><marc:subfield code="0">http://id.loc.gov/authorities/names/n79092672</marc:subfield></marc:datafield><marc:datafield tag="600" ind1="0" ind2="0"><marc:subfield code="a">Herodotus.</marc:subfield><marc:subfield code="0">http://id.loc.gov/authorities/names/n79086888</marc:subfield></marc:datafield><marc:datafield tag="600" ind1="1" ind2="0"><marc:subfield code="a">Marozzi, Justin,</marc:subfield><marc:subfield code="d">1970-</marc:subfield><marc:subfield code="x">Travel</marc:subfield><marc:subfield code="z">Mediterranean Region.</marc:subfield></marc:datafield><marc:datafield tag="600" ind1="1" ind2="0"><marc:subfield code="a">Marozzi, Justin,</marc:subfield><marc:subfield code="d">1970-</marc:subfield><marc:subfield code="x">Travel</marc:subfield><marc:subfield code="z">Iraq.</marc:subfield></marc:datafield><marc:datafield tag="650" ind1=" " ind2="0"><marc:subfield code="a">History, Ancient</marc:subfield><marc:subfield code="x">Historiography.</marc:subfield><marc:subfield code="0">http://id.loc.gov/authorities/subjects/sh2008105652</marc:subfield></marc:datafield><marc:datafield tag="651" ind1=" " ind2="0"><marc:subfield code="a">Mediterranean Region</marc:subfield><marc:subfield code="x">Description and travel.</marc:subfield><marc:subfield code="0">http://id.loc.gov/authorities/subjects/sh86002688</marc:subfield></marc:datafield><marc:datafield tag="651" ind1=" " ind2="0"><marc:subfield code="a">Iraq</marc:subfield><marc:subfield code="x">Description and travel.</marc:subfield><marc:subfield code="0">http://id.loc.gov/authorities/subjects/sh89002952</marc:subfield></marc:datafield><marc:datafield tag="902" ind1=" " ind2=" "><marc:subfield code="a">df</marc:subfield><marc:subfield code="b">m</marc:subfield><marc:subfield code="6">a</marc:subfield><marc:subfield code="7">m</marc:subfield><marc:subfield code="d">v</marc:subfield><marc:subfield code="f">1</marc:subfield><marc:subfield code="e">20090116</marc:subfield></marc:datafield><marc:datafield tag="904" ind1=" " ind2=" "><marc:subfield code="a">mnc</marc:subfield><marc:subfield code="b">a</marc:subfield><marc:subfield code="h">m</marc:subfield><marc:subfield code="c">b</marc:subfield><marc:subfield code="e">20090114</marc:subfield></marc:datafield><marc:datafield tag="914" ind1=" " ind2=" "><marc:subfield code="a">(OCoLC)ocn225874956</marc:subfield><marc:subfield code="b">OCoLC</marc:subfield><marc:subfield code="c">match</marc:subfield><marc:subfield code="d">20240710</marc:subfield><marc:subfield code="e">processed</marc:subfield><marc:subfield code="f">225874956</marc:subfield></marc:datafield><marc:datafield tag="999" ind1=" " ind2=" "><marc:subfield code="a">5627159</marc:subfield></marc:datafield></marc:record>