
<marc:record><marc:leader>01949cam a22003854a 4500</marc:leader>
<marc:controlfield tag="001">9956517703506421</marc:controlfield>
<marc:controlfield tag="005">20240718082655.0</marc:controlfield><marc:controlfield tag="008">090128s2009    enka     b    001 0 eng  </marc:controlfield><marc:datafield tag="010" ind1=" " ind2=" "><marc:subfield code="a">  2008037820</marc:subfield></marc:datafield><marc:datafield tag="020" ind1=" " ind2=" "><marc:subfield code="a">0230201822</marc:subfield></marc:datafield><marc:datafield tag="020" ind1=" " ind2=" "><marc:subfield code="a">9780230201828</marc:subfield></marc:datafield><marc:datafield tag="035" ind1=" " ind2=" "><marc:subfield code="a">(UkOxBHB)L2804165</marc:subfield></marc:datafield><marc:datafield tag="035" ind1=" " ind2=" "><marc:subfield code="a">(NjP)5651770-princetondb</marc:subfield></marc:datafield><marc:datafield tag="035" ind1=" " ind2=" "><marc:subfield code="z">(NjP)Voyager5651770</marc:subfield></marc:datafield><marc:datafield tag="035" ind1=" " ind2=" "><marc:subfield code="a">(OCoLC)ocn245597606</marc:subfield></marc:datafield><marc:datafield tag="040" ind1=" " ind2=" "><marc:subfield code="a">DLC</marc:subfield><marc:subfield code="b">eng</marc:subfield><marc:subfield code="c">DLC</marc:subfield><marc:subfield code="d">BWKUK</marc:subfield><marc:subfield code="d">BWK</marc:subfield><marc:subfield code="d">YDXCP</marc:subfield><marc:subfield code="d">CDX</marc:subfield></marc:datafield><marc:datafield tag="050" ind1="0" ind2="0"><marc:subfield code="a">BD450</marc:subfield><marc:subfield code="b">.C5475 2009</marc:subfield></marc:datafield><marc:datafield tag="082" ind1="0" ind2="0"><marc:subfield code="a">909</marc:subfield><marc:subfield code="2">22</marc:subfield></marc:datafield><marc:datafield tag="100" ind1="1" ind2=" "><marc:subfield code="a">Clack, Timothy.</marc:subfield><marc:subfield code="0">http://id.loc.gov/authorities/names/n2007042458</marc:subfield></marc:datafield><marc:datafield tag="245" ind1="1" ind2="0"><marc:subfield code="a">Ancestral roots :</marc:subfield><marc:subfield code="b">modern living and human evolution /</marc:subfield><marc:subfield code="c">Timothy Clack.</marc:subfield></marc:datafield><marc:datafield tag="260" ind1=" " ind2=" "><marc:subfield code="a">London ;</marc:subfield><marc:subfield code="a">New York :</marc:subfield><marc:subfield code="b">Macmillan,</marc:subfield><marc:subfield code="c">2009.</marc:subfield></marc:datafield><marc:datafield tag="300" ind1=" " ind2=" "><marc:subfield code="a">viii, 400 p. :</marc:subfield><marc:subfield code="b">ill. ;</marc:subfield><marc:subfield code="c">21 cm.</marc:subfield></marc:datafield><marc:datafield tag="504" ind1=" " ind2=" "><marc:subfield code="a">Includes bibliographical references (p. 375-386) and index.</marc:subfield></marc:datafield><marc:datafield tag="505" ind1="0" ind2=" "><marc:subfield code="a">A skeleton of evolution -- Standing on our own two feet? -- Go forth and multiply -- All that glitters? -- The global pillage -- War of the world -- Born to kill -- Can't get no ... -- Going ape! -- Getting organised -- Too many fat cats -- Your place or mine? -- Touching-up evolution -- Keep taking the Prozac -- On the treadmill of life -- Bringing home the bacon -- Living to eat.</marc:subfield></marc:datafield><marc:datafield tag="546" ind1=" " ind2=" "><marc:subfield code="a">In Apabhraṃśa, with English translation. Notes in English and Sanskrit.</marc:subfield></marc:datafield><marc:datafield tag="650" ind1=" " ind2="0"><marc:subfield code="a">Human beings</marc:subfield><marc:subfield code="x">History.</marc:subfield></marc:datafield><marc:datafield tag="650" ind1=" " ind2="0"><marc:subfield code="a">Civilization.</marc:subfield><marc:subfield code="0">http://id.loc.gov/authorities/subjects/sh85026423</marc:subfield></marc:datafield><marc:datafield tag="650" ind1=" " ind2="0"><marc:subfield code="a">Human beings</marc:subfield><marc:subfield code="x">Effect of environment on.</marc:subfield><marc:subfield code="0">http://id.loc.gov/authorities/subjects/sh85080298</marc:subfield></marc:datafield><marc:datafield tag="650" ind1=" " ind2="0"><marc:subfield code="a">Evolution</marc:subfield><marc:subfield code="v">Popular works.</marc:subfield></marc:datafield><marc:datafield tag="650" ind1=" " ind2="0"><marc:subfield code="a">Human evolution.</marc:subfield><marc:subfield code="0">http://id.loc.gov/authorities/subjects/sh85062868</marc:subfield></marc:datafield><marc:datafield tag="650" ind1=" " ind2="0"><marc:subfield code="a">Human behavior.</marc:subfield><marc:subfield code="0">http://id.loc.gov/authorities/subjects/sh85062839</marc:subfield></marc:datafield><marc:datafield tag="902" ind1=" " ind2=" "><marc:subfield code="a">sdg</marc:subfield><marc:subfield code="b">l</marc:subfield><marc:subfield code="6">a</marc:subfield><marc:subfield code="7">m</marc:subfield><marc:subfield code="d">v</marc:subfield><marc:subfield code="f">1</marc:subfield><marc:subfield code="e">20090226</marc:subfield></marc:datafield><marc:datafield tag="904" ind1=" " ind2=" "><marc:subfield code="a">sdg</marc:subfield><marc:subfield code="b">a</marc:subfield><marc:subfield code="h">m</marc:subfield><marc:subfield code="c">b</marc:subfield><marc:subfield code="e">20090226</marc:subfield></marc:datafield><marc:datafield tag="914" ind1=" " ind2=" "><marc:subfield code="a">(OCoLC)ocn245597606</marc:subfield><marc:subfield code="b">OCoLC</marc:subfield><marc:subfield code="c">match</marc:subfield><marc:subfield code="d">20240710</marc:subfield><marc:subfield code="e">processed</marc:subfield><marc:subfield code="f">245597606</marc:subfield></marc:datafield><marc:datafield tag="999" ind1=" " ind2=" "><marc:subfield code="a">5651770</marc:subfield></marc:datafield></marc:record>