
<marc:record><marc:leader>01927cam a22003614a 4500</marc:leader>
<marc:controlfield tag="001">9956554273506421</marc:controlfield>
<marc:controlfield tag="005">20240502044329.0</marc:controlfield><marc:controlfield tag="008">080811s2009    mau      b    001 0 eng  </marc:controlfield><marc:datafield tag="010" ind1=" " ind2=" "><marc:subfield code="a">  2008034892</marc:subfield></marc:datafield><marc:datafield tag="020" ind1=" " ind2=" "><marc:subfield code="a">9780151014897</marc:subfield></marc:datafield><marc:datafield tag="020" ind1=" " ind2=" "><marc:subfield code="a">0151014892</marc:subfield></marc:datafield><marc:datafield tag="035" ind1=" " ind2=" "><marc:subfield code="a">(NjP)5655427-princetondb</marc:subfield></marc:datafield><marc:datafield tag="035" ind1=" " ind2=" "><marc:subfield code="z">(NjP)Voyager5655427</marc:subfield></marc:datafield><marc:datafield tag="035" ind1=" " ind2=" "><marc:subfield code="a">(OCoLC)ocn232131928</marc:subfield></marc:datafield><marc:datafield tag="040" ind1=" " ind2=" "><marc:subfield code="a">DLC</marc:subfield><marc:subfield code="b">eng</marc:subfield><marc:subfield code="c">DLC</marc:subfield><marc:subfield code="d">BTCTA</marc:subfield><marc:subfield code="d">BAKER</marc:subfield><marc:subfield code="d">YDXCP</marc:subfield><marc:subfield code="d">UPZ</marc:subfield><marc:subfield code="d">C#P</marc:subfield><marc:subfield code="d">BWX</marc:subfield><marc:subfield code="d">CDX</marc:subfield><marc:subfield code="d">MNY</marc:subfield></marc:datafield><marc:datafield tag="050" ind1="0" ind2="0"><marc:subfield code="a">QL785.27</marc:subfield><marc:subfield code="b">.G73 2009</marc:subfield></marc:datafield><marc:datafield tag="082" ind1="0" ind2="0"><marc:subfield code="a">636.08/32</marc:subfield><marc:subfield code="2">22</marc:subfield></marc:datafield><marc:datafield tag="100" ind1="1" ind2=" "><marc:subfield code="a">Grandin, Temple.</marc:subfield><marc:subfield code="0">http://id.loc.gov/authorities/names/n85243240</marc:subfield></marc:datafield><marc:datafield tag="245" ind1="1" ind2="0"><marc:subfield code="a">Animals make us human :</marc:subfield><marc:subfield code="b">creating the best life for animals /</marc:subfield><marc:subfield code="c">Temple Grandin and Catherine Johnson.</marc:subfield></marc:datafield><marc:datafield tag="260" ind1=" " ind2=" "><marc:subfield code="a">Boston :</marc:subfield><marc:subfield code="b">Houghton Mifflin Harcourt,</marc:subfield><marc:subfield code="c">2009.</marc:subfield></marc:datafield><marc:datafield tag="300" ind1=" " ind2=" "><marc:subfield code="a">342 p. ;</marc:subfield><marc:subfield code="c">24 cm.</marc:subfield></marc:datafield><marc:datafield tag="504" ind1=" " ind2=" "><marc:subfield code="a">Includes bibliographical references and index.</marc:subfield></marc:datafield><marc:datafield tag="505" ind1="0" ind2=" "><marc:subfield code="a">1. What do animals need? -- 2. A dog's life -- 3. Cats -- 4. Horses -- 5. Cows -- 6. Pigs -- 7. Chickens and other poultry -- 8. Wildlife -- 9. Zoos.</marc:subfield></marc:datafield><marc:datafield tag="520" ind1=" " ind2=" "><marc:subfield code="a">Drawing on the latest research and her own work, Grandin identifies the core emotional needs of animals and explains how to fulfill them for dogs and cats, horses, farm animals, and zoo animals.</marc:subfield></marc:datafield><marc:datafield tag="546" ind1=" " ind2=" "><marc:subfield code="a">In Armenian; with summaries in English and Russian.</marc:subfield></marc:datafield><marc:datafield tag="650" ind1=" " ind2="0"><marc:subfield code="a">Emotions in animals.</marc:subfield><marc:subfield code="0">http://id.loc.gov/authorities/subjects/sh92000718</marc:subfield></marc:datafield><marc:datafield tag="650" ind1=" " ind2="0"><marc:subfield code="a">Animal behavior.</marc:subfield><marc:subfield code="0">http://id.loc.gov/authorities/subjects/sh85005162</marc:subfield></marc:datafield><marc:datafield tag="700" ind1="1" ind2=" "><marc:subfield code="a">Johnson, Catherine,</marc:subfield><marc:subfield code="d">1952-</marc:subfield><marc:subfield code="0">http://id.loc.gov/authorities/names/n2004001071</marc:subfield></marc:datafield><marc:datafield tag="902" ind1=" " ind2=" "><marc:subfield code="a">rjf</marc:subfield><marc:subfield code="b">l</marc:subfield><marc:subfield code="6">a</marc:subfield><marc:subfield code="7">m</marc:subfield><marc:subfield code="d">v</marc:subfield><marc:subfield code="f">1</marc:subfield><marc:subfield code="e">20090219</marc:subfield></marc:datafield><marc:datafield tag="904" ind1=" " ind2=" "><marc:subfield code="a">cjf</marc:subfield><marc:subfield code="b">o</marc:subfield><marc:subfield code="h">m</marc:subfield><marc:subfield code="c">b</marc:subfield><marc:subfield code="e">20090204</marc:subfield></marc:datafield><marc:datafield tag="914" ind1=" " ind2=" "><marc:subfield code="a">(OCoLC)ocn232131928</marc:subfield><marc:subfield code="b">OCoLC</marc:subfield><marc:subfield code="c">match</marc:subfield><marc:subfield code="d">20240501</marc:subfield><marc:subfield code="e">processed</marc:subfield><marc:subfield code="f">232131928</marc:subfield></marc:datafield><marc:datafield tag="956" ind1="4" ind2="2"><marc:subfield code="3">Contributor biographical information</marc:subfield><marc:subfield code="u">http://www.loc.gov/catdir/enhancements/fy0904/2008034892-b.html</marc:subfield></marc:datafield><marc:datafield tag="956" ind1="4" ind2="2"><marc:subfield code="3">Publisher description</marc:subfield><marc:subfield code="u">http://www.loc.gov/catdir/enhancements/fy0904/2008034892-d.html</marc:subfield></marc:datafield></marc:record>