
<marc:record><marc:leader>02191pam a22003374a 4500</marc:leader>
<marc:controlfield tag="001">9956981333506421</marc:controlfield>
<marc:controlfield tag="005">20240718083432.0</marc:controlfield><marc:controlfield tag="008">081211s2009    ncuh     b    001 0 eng  </marc:controlfield><marc:datafield tag="010" ind1=" " ind2=" "><marc:subfield code="a">  2008053621</marc:subfield></marc:datafield><marc:datafield tag="020" ind1=" " ind2=" "><marc:subfield code="a">9780786439935 (pbk. : alk. paper)</marc:subfield></marc:datafield><marc:datafield tag="020" ind1=" " ind2=" "><marc:subfield code="a">0786439939 (pbk. : alk. paper)</marc:subfield></marc:datafield><marc:datafield tag="035" ind1=" " ind2=" "><marc:subfield code="a">(NjP)5698133-princetondb</marc:subfield></marc:datafield><marc:datafield tag="035" ind1=" " ind2=" "><marc:subfield code="z">(NjP)Voyager5698133</marc:subfield></marc:datafield><marc:datafield tag="035" ind1=" " ind2=" "><marc:subfield code="a">(OCoLC)ocn251302674</marc:subfield></marc:datafield><marc:datafield tag="040" ind1=" " ind2=" "><marc:subfield code="a">DLC</marc:subfield><marc:subfield code="b">eng</marc:subfield><marc:subfield code="c">DLC</marc:subfield><marc:subfield code="d">YDXCP</marc:subfield><marc:subfield code="d">BTCTA</marc:subfield><marc:subfield code="d">C#P</marc:subfield></marc:datafield><marc:datafield tag="043" ind1=" " ind2=" "><marc:subfield code="a">n-us---</marc:subfield></marc:datafield><marc:datafield tag="050" ind1="0" ind2="0"><marc:subfield code="a">PS3572.O5</marc:subfield><marc:subfield code="b">Z775 2009</marc:subfield></marc:datafield><marc:datafield tag="082" ind1="0" ind2="0"><marc:subfield code="a">813/.54</marc:subfield><marc:subfield code="2">22</marc:subfield></marc:datafield><marc:datafield tag="100" ind1="1" ind2=" "><marc:subfield code="a">McMahon, Gary,</marc:subfield><marc:subfield code="d">1959-</marc:subfield><marc:subfield code="0">http://id.loc.gov/authorities/names/n2006004860</marc:subfield></marc:datafield><marc:datafield tag="245" ind1="1" ind2="0"><marc:subfield code="a">Kurt Vonnegut and the centrifugal force of fate /</marc:subfield><marc:subfield code="c">Gary McMahon.</marc:subfield></marc:datafield><marc:datafield tag="260" ind1=" " ind2=" "><marc:subfield code="a">Jefferson, N.C. :</marc:subfield><marc:subfield code="b">McFarland &amp; Co.,</marc:subfield><marc:subfield code="c">c2009.</marc:subfield></marc:datafield><marc:datafield tag="300" ind1=" " ind2=" "><marc:subfield code="a">viii, 251 p. :</marc:subfield><marc:subfield code="b">facsims. ;</marc:subfield><marc:subfield code="c">23 cm.</marc:subfield></marc:datafield><marc:datafield tag="504" ind1=" " ind2=" "><marc:subfield code="a">Includes bibliographical references (p. 243-247) and index.</marc:subfield></marc:datafield><marc:datafield tag="505" ind1="0" ind2=" "><marc:subfield code="a">The centrifugal force of fate -- Armageddon in retrospect -- Hocus pocus -- The sirens of Titan -- God bless you, Mr. Rosewater -- Cat's cradle -- Wampeters, foma &amp; granfalloons -- Breakfast of champions -- Timequake -- Slaughterhouse 5 -- God bless you, Dr. Kevorkian -- Palm Sunday -- Happy birthday, Wanda June -- Welcome to the monkey house -- Jailbird -- Bagombo snuff box -- Between time and Timbuktu -- Player piano -- A man without a country -- Bluebeard -- Sun moon star -- Slapstick -- Galápagos -- Mother night -- Deadeye Dick -- Fates worse than death.</marc:subfield></marc:datafield><marc:datafield tag="520" ind1=" " ind2=" "><marc:subfield code="a">&quot;Vonnegut blended the bizarrely hypothetical with the gut-wrenchingly actual, infusing his biting wit with a bleak worldview partially created during his service in WWII and his time as a prisoner of war. Exploring each of Vonnegut's works, the author discusses the development of one of America's greatest authors&quot;--Provided by publisher.</marc:subfield></marc:datafield><marc:datafield tag="546" ind1=" " ind2=" "><marc:subfield code="a">In Bashkir; introductory matter in Bashkir and Russian; summaries in English and Turkish.</marc:subfield></marc:datafield><marc:datafield tag="600" ind1="1" ind2="0"><marc:subfield code="a">Vonnegut, Kurt</marc:subfield><marc:subfield code="x">Criticism and interpretation.</marc:subfield></marc:datafield><marc:datafield tag="650" ind1=" " ind2="0"><marc:subfield code="a">Authors, American</marc:subfield><marc:subfield code="y">20th century.</marc:subfield></marc:datafield><marc:datafield tag="902" ind1=" " ind2=" "><marc:subfield code="a">mnc</marc:subfield><marc:subfield code="b">s</marc:subfield><marc:subfield code="6">a</marc:subfield><marc:subfield code="7">m</marc:subfield><marc:subfield code="d">v</marc:subfield><marc:subfield code="f">1</marc:subfield><marc:subfield code="e">20090313</marc:subfield></marc:datafield><marc:datafield tag="904" ind1=" " ind2=" "><marc:subfield code="a">mnc</marc:subfield><marc:subfield code="b">a</marc:subfield><marc:subfield code="h">m</marc:subfield><marc:subfield code="c">b</marc:subfield><marc:subfield code="e">20090313</marc:subfield></marc:datafield><marc:datafield tag="914" ind1=" " ind2=" "><marc:subfield code="a">(OCoLC)ocn251302674</marc:subfield><marc:subfield code="b">OCoLC</marc:subfield><marc:subfield code="c">match</marc:subfield><marc:subfield code="d">20240710</marc:subfield><marc:subfield code="e">processed</marc:subfield><marc:subfield code="f">251302674</marc:subfield></marc:datafield></marc:record>