
<marc:record><marc:leader>04786cam a2200433Ma 4500</marc:leader>
<marc:controlfield tag="001">9957252323506421</marc:controlfield>
<marc:controlfield tag="005">20240606062815.0</marc:controlfield><marc:controlfield tag="008">090401s2008    enk      b    001 0 eng  </marc:controlfield><marc:datafield tag="010" ind1=" " ind2=" "><marc:subfield code="a">  2008026848</marc:subfield></marc:datafield><marc:datafield tag="020" ind1=" " ind2=" "><marc:subfield code="a">9780754662075 (alk. paper)</marc:subfield></marc:datafield><marc:datafield tag="020" ind1=" " ind2=" "><marc:subfield code="a">0754662071 (alk. paper)</marc:subfield></marc:datafield><marc:datafield tag="035" ind1=" " ind2=" "><marc:subfield code="a">(UkOxBHB)L2809818</marc:subfield></marc:datafield><marc:datafield tag="035" ind1=" " ind2=" "><marc:subfield code="a">(NjP)5725232-princetondb</marc:subfield></marc:datafield><marc:datafield tag="035" ind1=" " ind2=" "><marc:subfield code="z">(NjP)Voyager5725232</marc:subfield></marc:datafield><marc:datafield tag="035" ind1=" " ind2=" "><marc:subfield code="a">(OCoLC)ocn315944698</marc:subfield></marc:datafield><marc:datafield tag="040" ind1=" " ind2=" "><marc:subfield code="a">AU@</marc:subfield><marc:subfield code="b">eng</marc:subfield><marc:subfield code="c">AU@</marc:subfield><marc:subfield code="d">NjP</marc:subfield></marc:datafield><marc:datafield tag="050" ind1="0" ind2="0"><marc:subfield code="a">PR421</marc:subfield><marc:subfield code="b">.E6 2008</marc:subfield></marc:datafield><marc:datafield tag="245" ind1="0" ind2="0"><marc:subfield code="a">Emissaries in early modern literature and culture :</marc:subfield><marc:subfield code="b">mediation, transmission, traffic, 1550-1700 /</marc:subfield><marc:subfield code="c">edited by Brinda Charry, Gitanjali Shahani.</marc:subfield></marc:datafield><marc:datafield tag="260" ind1=" " ind2=" "><marc:subfield code="a">Aldershot, Hants, England ;</marc:subfield><marc:subfield code="a">Burlington, VT :</marc:subfield><marc:subfield code="b">Ashgate Pub.,</marc:subfield><marc:subfield code="c">c2008.</marc:subfield></marc:datafield><marc:datafield tag="300" ind1=" " ind2=" "><marc:subfield code="a">x, 265 p. ;</marc:subfield><marc:subfield code="c">25 cm.</marc:subfield></marc:datafield><marc:datafield tag="490" ind1="0" ind2=" "><marc:subfield code="a">Transculturalisms, 1400-1700</marc:subfield></marc:datafield><marc:datafield tag="504" ind1=" " ind2=" "><marc:subfield code="a">Includes bibliographical references (p. [237]-256) and index.</marc:subfield></marc:datafield><marc:datafield tag="505" ind1="0" ind2=" "><marc:subfield code="a">The Shah's two ambassadors: the travels of the three English brothers and the global early modern / Jonathan Burton -- Of gifts, ambassadors, and copy-cats: diplomacy, exchange, and difference in early modern India / Ania Loomba -- Representing the king of Morocco / Virginia Mason Vaughan -- Just passing: Abbé Carré, spy, harem-lord, and 'made in france' / Pompa Banerjee -- 'After my humble dutie remembered': factors and versus merchants / Barbara sebek -- Passengers, spies, emissaries, and merchants: travelers and early modern English identity / M. G. Aune -- The translator as emissary: continental works about the Ottomans in England / Linda McJannet -- The Queen of Onor and her emissaries: Fernão Mendes Pinto's dialogue with India / Dolora Chapelle Wojciehowski -- Listening to the emissary in Middleton's No wit, no help like a woman's / Marianne Montgomery -- 'Backward and abysm of time': negotiating with the dead in the tempest / Brinda Charry -- 'Thrown from the rock': emissaries as midwives and impediments of a new world / Sheila T. Cavanagh.</marc:subfield></marc:datafield><marc:datafield tag="520" ind1="1" ind2=" "><marc:subfield code="a">&quot;With its emphasis on early modern emissaries and their role in England's expansionary ventures and cross-cultural encounters across the globe, this collection of essays takes the messenger figure as a focal point for the discussion of transnational exchange and intercourse in the sixteenth and seventeenth centuries. It sees the emissary as embodying the processes of representation and communication within the world of the text, itself an &quot;emissary&quot; that strives to communicate and re-present certain perceptions of the &quot;real.&quot; Drawing attention to the limits and licenses of communication, the emissary is a reminder of the alien quality of foreign language and the symbolic power of performative gestures and rituals.</marc:subfield></marc:datafield><marc:datafield tag="520" ind1="8" ind2=" "><marc:subfield code="a">Contributions to this collection examine different kinds of cross-cultural activities (e.g., diplomacy, trade, translation, espionage, missionary endeavors) in different world areas (e.g., Asia, the Mediterranean, the Levant, the New World) via different critical methods and approaches. They take up the literary and cultural productions and representations of ambassadors, factors, traders, translators, spies, middlemen, merchants, missionaries, and other agents, who served as complex conduits for the global transport of goods, religious ideologies, and socio-cultural practices throughout the early modern period. Authors in the collection investigate the multiple ways in which the emissary became enmeshed in emerging discourses of racial, religious, gender, and class differences.</marc:subfield></marc:datafield><marc:datafield tag="520" ind1="8" ind2=" "><marc:subfield code="a">They consider how the emissary's role might have contributed to an idealized progressive vision of a borderless world or, conversely, permeated and dissolved borders and boundaries between peoples only to further specific group interests&quot;--BOOK JACKET.</marc:subfield></marc:datafield><marc:datafield tag="546" ind1=" " ind2=" "><marc:subfield code="a">In Bole, English and Hausa.</marc:subfield></marc:datafield><marc:datafield tag="650" ind1=" " ind2="0"><marc:subfield code="a">English literature</marc:subfield><marc:subfield code="y">Early modern, 1500-1700</marc:subfield><marc:subfield code="x">History and criticism.</marc:subfield><marc:subfield code="0">http://id.loc.gov/authorities/subjects/sh2008119581</marc:subfield></marc:datafield><marc:datafield tag="650" ind1=" " ind2="0"><marc:subfield code="a">Cultural relations in literature.</marc:subfield><marc:subfield code="0">http://id.loc.gov/authorities/subjects/sh94004504</marc:subfield></marc:datafield><marc:datafield tag="650" ind1=" " ind2="0"><marc:subfield code="a">Literature and society</marc:subfield><marc:subfield code="z">Great Britain</marc:subfield><marc:subfield code="z">Colonies</marc:subfield><marc:subfield code="x">History.</marc:subfield></marc:datafield><marc:datafield tag="650" ind1=" " ind2="0"><marc:subfield code="a">National characteristics in literature.</marc:subfield><marc:subfield code="0">http://id.loc.gov/authorities/subjects/sh85090007</marc:subfield></marc:datafield><marc:datafield tag="650" ind1=" " ind2="0"><marc:subfield code="a">Colonies in literature.</marc:subfield><marc:subfield code="0">http://id.loc.gov/authorities/subjects/sh85028570</marc:subfield></marc:datafield><marc:datafield tag="650" ind1=" " ind2="0"><marc:subfield code="a">Assimilation (Sociology) in literature.</marc:subfield><marc:subfield code="0">http://id.loc.gov/authorities/subjects/sh93008593</marc:subfield></marc:datafield><marc:datafield tag="700" ind1="1" ind2=" "><marc:subfield code="a">Charry, Brinda.</marc:subfield><marc:subfield code="0">http://id.loc.gov/authorities/names/no2002000010</marc:subfield></marc:datafield><marc:datafield tag="700" ind1="1" ind2=" "><marc:subfield code="a">Shahani, Gitanjali.</marc:subfield><marc:subfield code="0">http://id.loc.gov/authorities/names/n2008041178</marc:subfield></marc:datafield><marc:datafield tag="902" ind1=" " ind2=" "><marc:subfield code="a">dws</marc:subfield><marc:subfield code="b">l</marc:subfield><marc:subfield code="6">a</marc:subfield><marc:subfield code="7">m</marc:subfield><marc:subfield code="d">v</marc:subfield><marc:subfield code="f">1</marc:subfield><marc:subfield code="e">20090511</marc:subfield></marc:datafield><marc:datafield tag="904" ind1=" " ind2=" "><marc:subfield code="a">dws</marc:subfield><marc:subfield code="b">a</marc:subfield><marc:subfield code="h">m</marc:subfield><marc:subfield code="c">b</marc:subfield><marc:subfield code="e">20090511</marc:subfield></marc:datafield><marc:datafield tag="914" ind1=" " ind2=" "><marc:subfield code="a">(OCoLC)ocn315944698</marc:subfield><marc:subfield code="b">OCoLC</marc:subfield><marc:subfield code="c">match</marc:subfield><marc:subfield code="d">20240530</marc:subfield><marc:subfield code="e">processed</marc:subfield><marc:subfield code="f">315944698</marc:subfield></marc:datafield><marc:datafield tag="999" ind1=" " ind2=" "><marc:subfield code="a">5725232</marc:subfield></marc:datafield></marc:record>