
<marc:record><marc:leader>02564cam a2200421 a 4500</marc:leader>
<marc:controlfield tag="001">9957958393506421</marc:controlfield>
<marc:controlfield tag="005">20240718084313.0</marc:controlfield><marc:controlfield tag="008">080505s2008    onc      b    000 0 eng  </marc:controlfield><marc:datafield tag="010" ind1=" " ind2=" "><marc:subfield code="a">  2009367290</marc:subfield></marc:datafield><marc:datafield tag="016" ind1=" " ind2=" "><marc:subfield code="a">20089028783</marc:subfield></marc:datafield><marc:datafield tag="020" ind1=" " ind2=" "><marc:subfield code="a">9781550712674</marc:subfield></marc:datafield><marc:datafield tag="020" ind1=" " ind2=" "><marc:subfield code="a">1550712675</marc:subfield></marc:datafield><marc:datafield tag="035" ind1=" " ind2=" "><marc:subfield code="a">(NjP)5795839-princetondb</marc:subfield></marc:datafield><marc:datafield tag="035" ind1=" " ind2=" "><marc:subfield code="z">(NjP)Voyager5795839</marc:subfield></marc:datafield><marc:datafield tag="035" ind1=" " ind2=" "><marc:subfield code="a">(OCoLC)ocn227509314</marc:subfield></marc:datafield><marc:datafield tag="040" ind1=" " ind2=" "><marc:subfield code="a">NLC</marc:subfield><marc:subfield code="b">eng</marc:subfield><marc:subfield code="c">NLC</marc:subfield><marc:subfield code="d">BAKER</marc:subfield><marc:subfield code="d">CDX</marc:subfield><marc:subfield code="d">BWX</marc:subfield><marc:subfield code="d">VP@</marc:subfield><marc:subfield code="d">YDXCP</marc:subfield><marc:subfield code="d">DLC</marc:subfield><marc:subfield code="d">SOI</marc:subfield></marc:datafield><marc:datafield tag="049" ind1=" " ind2=" "><marc:subfield code="a">PULL</marc:subfield></marc:datafield><marc:datafield tag="050" ind1="0" ind2="0"><marc:subfield code="a">PR9199.3.A8</marc:subfield><marc:subfield code="b">Z748 2008</marc:subfield></marc:datafield><marc:datafield tag="055" ind1="0" ind2="2"><marc:subfield code="a">PS8501*</marc:subfield></marc:datafield><marc:datafield tag="055" ind1=" " ind2="0"><marc:subfield code="a">PS8501 T86</marc:subfield><marc:subfield code="b">Z728 2008</marc:subfield></marc:datafield><marc:datafield tag="055" ind1="0" ind2="0"><marc:subfield code="a">PS8501 T86</marc:subfield><marc:subfield code="b">Z728 2008</marc:subfield></marc:datafield><marc:datafield tag="082" ind1="0" ind2="4"><marc:subfield code="a">C818/.5409</marc:subfield><marc:subfield code="2">22</marc:subfield></marc:datafield><marc:datafield tag="245" ind1="0" ind2="0"><marc:subfield code="a">Margaret Atwood :</marc:subfield><marc:subfield code="b">essays on her works /</marc:subfield><marc:subfield code="c">edited by Branko Gorjup.</marc:subfield></marc:datafield><marc:datafield tag="250" ind1=" " ind2=" "><marc:subfield code="a">1st ed.</marc:subfield></marc:datafield><marc:datafield tag="260" ind1=" " ind2=" "><marc:subfield code="a">Toronto :</marc:subfield><marc:subfield code="b">Guernica,</marc:subfield><marc:subfield code="c">c2008.</marc:subfield></marc:datafield><marc:datafield tag="300" ind1=" " ind2=" "><marc:subfield code="a">258 p. ;</marc:subfield><marc:subfield code="c">21 cm.</marc:subfield></marc:datafield><marc:datafield tag="490" ind1="1" ind2=" "><marc:subfield code="a">Writers series ;</marc:subfield><marc:subfield code="v">25</marc:subfield></marc:datafield><marc:datafield tag="504" ind1=" " ind2=" "><marc:subfield code="a">Includes bibliographical references.</marc:subfield></marc:datafield><marc:datafield tag="505" ind1="0" ind2=" "><marc:subfield code="a">Margaret Atwood's The edible woman &quot;rebelling against the system&quot; / Gayle Greene -- Paradox of discourse in Margaret Atwood's Suffering / Branko Gorjup -- Living literally by the pen: the self and self-deceiving heroine-author in Margaret Atwood's Lady oracle / Susan Jaret McKinstry -- &quot;The roar of the boneyard&quot;: Life before man / Barbara Hill Rigney -- The here and now of Bodily harm / Lorna Irvine -- Nature and nurture in dystopia: The handmaid's tale / Roberta Rubenstein -- Cat's eye: Elaine Risley's retrospective art / Coral Ann Howells -- Questioning the triple goddess: myth and meaning in Margaret Atwood's The robber bride / Jennifer Murray -- I am telling this to no one but you: private voice, passing, and the private sphere in Margaret Atwood's Alias Grace / Stephanie Lovelady -- The blind assassin: myth, history and narration / Caterina Ricciardi -- Interview with Margaret Atwood / Branko Gorjup.</marc:subfield></marc:datafield><marc:datafield tag="546" ind1=" " ind2=" "><marc:subfield code="a">In Chinese (Mandarin) with optional subtitles in simplified Chinese, traditional Chinese, Catonese, English and Japanese.</marc:subfield></marc:datafield><marc:datafield tag="600" ind1="1" ind2="0"><marc:subfield code="a">Atwood, Margaret,</marc:subfield><marc:subfield code="d">1939-</marc:subfield><marc:subfield code="x">Criticism and interpretation.</marc:subfield></marc:datafield><marc:datafield tag="700" ind1="1" ind2=" "><marc:subfield code="a">Gorjup, Branko.</marc:subfield><marc:subfield code="0">http://id.loc.gov/authorities/names/nr94042532</marc:subfield></marc:datafield><marc:datafield tag="830" ind1=" " ind2="0"><marc:subfield code="a">Writers series (Toronto, Ont.) ;</marc:subfield><marc:subfield code="v">25.</marc:subfield></marc:datafield><marc:datafield tag="902" ind1=" " ind2=" "><marc:subfield code="a">bv</marc:subfield><marc:subfield code="b">l</marc:subfield><marc:subfield code="6">a</marc:subfield><marc:subfield code="7">m</marc:subfield><marc:subfield code="d">v</marc:subfield><marc:subfield code="f">1</marc:subfield><marc:subfield code="e">20100211</marc:subfield></marc:datafield><marc:datafield tag="904" ind1=" " ind2=" "><marc:subfield code="a">wcs</marc:subfield><marc:subfield code="b">o</marc:subfield><marc:subfield code="h">m</marc:subfield><marc:subfield code="c">b</marc:subfield><marc:subfield code="e">20090525</marc:subfield></marc:datafield><marc:datafield tag="914" ind1=" " ind2=" "><marc:subfield code="a">(OCoLC)ocn227509314</marc:subfield><marc:subfield code="b">OCoLC</marc:subfield><marc:subfield code="c">match</marc:subfield><marc:subfield code="d">20240710</marc:subfield><marc:subfield code="e">processed</marc:subfield><marc:subfield code="f">227509314</marc:subfield></marc:datafield><marc:datafield tag="956" ind1="4" ind2="2"><marc:subfield code="3">Contributor biographical information</marc:subfield><marc:subfield code="u">http://www.loc.gov/catdir/enhancements/fy0905/2009367290-b.html</marc:subfield></marc:datafield><marc:datafield tag="956" ind1="4" ind2="2"><marc:subfield code="3">Publisher description</marc:subfield><marc:subfield code="u">http://www.loc.gov/catdir/enhancements/fy0905/2009367290-d.html</marc:subfield></marc:datafield></marc:record>