
<marc:record><marc:leader>02693cam a2200325 a 4500</marc:leader>
<marc:controlfield tag="001">9958492753506421</marc:controlfield>
<marc:controlfield tag="005">20240509045831.0</marc:controlfield><marc:controlfield tag="008">090719s2009    enk      b    000 0 eng d</marc:controlfield><marc:datafield tag="020" ind1=" " ind2=" "><marc:subfield code="a">9781841502458</marc:subfield></marc:datafield><marc:datafield tag="020" ind1=" " ind2=" "><marc:subfield code="a">1841502456</marc:subfield></marc:datafield><marc:datafield tag="035" ind1=" " ind2=" "><marc:subfield code="a">(OrLoB)R9792263</marc:subfield></marc:datafield><marc:datafield tag="035" ind1=" " ind2=" "><marc:subfield code="a">(NjP)5849275-princetondb</marc:subfield></marc:datafield><marc:datafield tag="035" ind1=" " ind2=" "><marc:subfield code="z">(NjP)Voyager5849275</marc:subfield></marc:datafield><marc:datafield tag="035" ind1=" " ind2=" "><marc:subfield code="a">(OCoLC)ocn262429431</marc:subfield></marc:datafield><marc:datafield tag="040" ind1=" " ind2=" "><marc:subfield code="a">BTCTA</marc:subfield><marc:subfield code="b">eng</marc:subfield><marc:subfield code="c">BTCTA</marc:subfield><marc:subfield code="d">YDXCP</marc:subfield><marc:subfield code="d">BWK</marc:subfield><marc:subfield code="d">BWX</marc:subfield><marc:subfield code="d">UAT</marc:subfield><marc:subfield code="d">OCLCQ</marc:subfield><marc:subfield code="d">CDX</marc:subfield><marc:subfield code="d">SUC</marc:subfield></marc:datafield><marc:datafield tag="050" ind1=" " ind2="4"><marc:subfield code="a">PS3561.I483</marc:subfield><marc:subfield code="b">Z56 2009</marc:subfield></marc:datafield><marc:datafield tag="082" ind1=" " ind2="4"><marc:subfield code="a">810</marc:subfield></marc:datafield><marc:datafield tag="100" ind1="1" ind2=" "><marc:subfield code="a">Browning, Mark,</marc:subfield><marc:subfield code="d">1966 Sept. 10-</marc:subfield></marc:datafield><marc:datafield tag="245" ind1="1" ind2="0"><marc:subfield code="a">Stephen King on the big screen /</marc:subfield><marc:subfield code="c">Mark Browning.</marc:subfield></marc:datafield><marc:datafield tag="260" ind1=" " ind2=" "><marc:subfield code="a">Bristol, UK ;</marc:subfield><marc:subfield code="a">Chicago :</marc:subfield><marc:subfield code="b">Intellect,</marc:subfield><marc:subfield code="c">2009.</marc:subfield></marc:datafield><marc:datafield tag="300" ind1=" " ind2=" "><marc:subfield code="a">251 p. ;</marc:subfield><marc:subfield code="c">23 cm.</marc:subfield></marc:datafield><marc:datafield tag="504" ind1=" " ind2=" "><marc:subfield code="a">Includes bibliographical references (p. [247]-251).</marc:subfield></marc:datafield><marc:datafield tag="505" ind1="0" ind2=" "><marc:subfield code="a">Mind over matter: telekinesis. Carrie (Brian De Palma, 1976) -- The rage: Carrie II (Katt Shea and Robert Mandel, 1999) -- The dead zone (David Cronenberg, 1983) -- Firestarter (Mark L. Lester, 1984) -- Tales from the darkside: the portmanteau film. Creepshow (George A. Romero, 1982) -- Creepshow II (Michael Gornick, 1987) -- Cat's eye (Lewis Teague, 1985) -- Tales from the darkside: the movie (John Harrison, 1990) -- Sometimes dead is better: the body under the sheet. Silver bullet (Daniel Attias, 1985) -- Pet sematary (Mary Lambert, 1989) -- Pet sematary II (Mary Lambert, 1989) -- Sleepwalkers (Mick Garris, 1992) -- Boys to men: rites-of-passage. Stand by me (Rob Reiner, 1986) -- Apt pupil (Bryan Singer, 1998) -- Hearts in Atlantis (Scott Hicks, 2001) -- The rise of the machines: 1950s science-fiction B-movie. Christine (John Carpenter, 1983) -- Maximum overdrive (Stephen King, 1986) -- Graveyard shift (Ralph S. Singleton, 1990) -- The lawnmower man (Brett Leonard, 1992) -- Dreamcatcher (Lawrence Kasdan, 2003) -- The great escape: prison drama. The Shawshank redemption (Frank Darabont, 1994) -- The green mile (Frank Darabont, 1999) -- The running man (Paul Michael Glaser, 1987) -- Books of blood: the writer. Misery (Rob Reiner, 1990) -- The dark half (George A. Romero, 1993) -- Secret window (David Koepp, 2004) -- The terror of everyday life and final girls. Cujo (Lewis Teague, 1983) -- Dolores Claiborne (Taylor Hackford, 1995) -- The shining (Stanley Kubrick, 1980) -- The shining (Mick Garris, 1997) -- 1408 (Mikael Hafström, 2007).</marc:subfield></marc:datafield><marc:datafield tag="546" ind1=" " ind2=" "><marc:subfield code="a">In English and Ancient Greek.</marc:subfield></marc:datafield><marc:datafield tag="600" ind1="1" ind2="0"><marc:subfield code="a">King, Stephen,</marc:subfield><marc:subfield code="d">1947-</marc:subfield><marc:subfield code="v">Film and video adaptations.</marc:subfield></marc:datafield><marc:datafield tag="600" ind1="1" ind2="0"><marc:subfield code="a">King, Stephen,</marc:subfield><marc:subfield code="d">1947-</marc:subfield><marc:subfield code="x">Criticism and interpretation.</marc:subfield></marc:datafield><marc:datafield tag="902" ind1=" " ind2=" "><marc:subfield code="a">df</marc:subfield><marc:subfield code="b">m</marc:subfield><marc:subfield code="6">a</marc:subfield><marc:subfield code="7">m</marc:subfield><marc:subfield code="d">v</marc:subfield><marc:subfield code="f">1</marc:subfield><marc:subfield code="e">20090811</marc:subfield></marc:datafield><marc:datafield tag="904" ind1=" " ind2=" "><marc:subfield code="a">yj</marc:subfield><marc:subfield code="b">a</marc:subfield><marc:subfield code="h">m</marc:subfield><marc:subfield code="c">b</marc:subfield><marc:subfield code="e">20090810</marc:subfield></marc:datafield><marc:datafield tag="914" ind1=" " ind2=" "><marc:subfield code="a">(OCoLC)ocn262429431</marc:subfield><marc:subfield code="b">OCoLC</marc:subfield><marc:subfield code="c">match</marc:subfield><marc:subfield code="d">20240508</marc:subfield><marc:subfield code="e">processed</marc:subfield><marc:subfield code="f">262429431</marc:subfield></marc:datafield><marc:datafield tag="999" ind1=" " ind2=" "><marc:subfield code="a">5849275</marc:subfield></marc:datafield></marc:record>