
<marc:record><marc:leader>01884cam a22003614a 4500</marc:leader>
<marc:controlfield tag="001">9958502443506421</marc:controlfield>
<marc:controlfield tag="005">20240502044721.0</marc:controlfield><marc:controlfield tag="008">080225s2008    nyua     b    001 0 eng  </marc:controlfield><marc:datafield tag="010" ind1=" " ind2=" "><marc:subfield code="a">  2008007544</marc:subfield></marc:datafield><marc:datafield tag="016" ind1="7" ind2=" "><marc:subfield code="a">101500253</marc:subfield><marc:subfield code="2">DNLM</marc:subfield></marc:datafield><marc:datafield tag="020" ind1=" " ind2=" "><marc:subfield code="a">9780879698317 (hard cover : alk. paper)</marc:subfield></marc:datafield><marc:datafield tag="020" ind1=" " ind2=" "><marc:subfield code="a">0879698314 (hard cover : alk. paper)</marc:subfield></marc:datafield><marc:datafield tag="035" ind1=" " ind2=" "><marc:subfield code="a">(NjP)5850244-princetondb</marc:subfield></marc:datafield><marc:datafield tag="035" ind1=" " ind2=" "><marc:subfield code="z">(NjP)Voyager5850244</marc:subfield></marc:datafield><marc:datafield tag="035" ind1=" " ind2=" "><marc:subfield code="a">(OCoLC)ocn212015318</marc:subfield></marc:datafield><marc:datafield tag="040" ind1=" " ind2=" "><marc:subfield code="a">DLC</marc:subfield><marc:subfield code="b">eng</marc:subfield><marc:subfield code="c">DLC</marc:subfield><marc:subfield code="d">BTCTA</marc:subfield><marc:subfield code="d">BAKER</marc:subfield><marc:subfield code="d">OCLCG</marc:subfield><marc:subfield code="d">YDXCP</marc:subfield><marc:subfield code="d">MNY</marc:subfield><marc:subfield code="d">C#P</marc:subfield><marc:subfield code="d">BWX</marc:subfield><marc:subfield code="d">CDX</marc:subfield><marc:subfield code="d">NLM</marc:subfield></marc:datafield><marc:datafield tag="050" ind1="0" ind2="0"><marc:subfield code="a">QH431</marc:subfield><marc:subfield code="b">.R383 2008</marc:subfield></marc:datafield><marc:datafield tag="060" ind1="0" ind2="0"><marc:subfield code="a">2009 D-047</marc:subfield></marc:datafield><marc:datafield tag="060" ind1="1" ind2="0"><marc:subfield code="a">QU 450</marc:subfield><marc:subfield code="b">R362s 2008</marc:subfield></marc:datafield><marc:datafield tag="082" ind1="0" ind2="0"><marc:subfield code="a">599.93/5</marc:subfield><marc:subfield code="2">22</marc:subfield></marc:datafield><marc:datafield tag="100" ind1="1" ind2=" "><marc:subfield code="a">Reilly, Philip,</marc:subfield><marc:subfield code="d">1947-</marc:subfield><marc:subfield code="0">http://id.loc.gov/authorities/names/n85349472</marc:subfield></marc:datafield><marc:datafield tag="245" ind1="1" ind2="4"><marc:subfield code="a">The strongest boy in the world :</marc:subfield><marc:subfield code="b">how genetic information is reshaping our lives /</marc:subfield><marc:subfield code="c">Philip R. Reilly.</marc:subfield></marc:datafield><marc:datafield tag="250" ind1=" " ind2=" "><marc:subfield code="a">Updated and expanded</marc:subfield></marc:datafield><marc:datafield tag="260" ind1=" " ind2=" "><marc:subfield code="a">Cold Spring Harbor, N.Y. :</marc:subfield><marc:subfield code="b">Cold Spring Harbor Laboratory Press,</marc:subfield><marc:subfield code="c">c2008.</marc:subfield></marc:datafield><marc:datafield tag="300" ind1=" " ind2=" "><marc:subfield code="a">xvii, 300 p. :</marc:subfield><marc:subfield code="b">ill. ;</marc:subfield><marc:subfield code="c">24 cm.</marc:subfield></marc:datafield><marc:datafield tag="504" ind1=" " ind2=" "><marc:subfield code="a">Includes bibliographical references (p. 279-291) and index.</marc:subfield></marc:datafield><marc:datafield tag="505" ind1="0" ind2=" "><marc:subfield code="a">The strongest boy in the world -- Our ancestors -- Race -- Longevity -- Intelligence -- Charcot-Marie-tooth disease -- Huntington's disease -- Deafness -- San Luis Valley syndrome -- Severe combined immune deficiency -- Dogs -- Cats -- Mice -- Corn -- Rice -- History -- DNA forensics -- Art and language -- Preimplantation genetic diagnosis -- Stem cells -- Personal genomics.</marc:subfield></marc:datafield><marc:datafield tag="546" ind1=" " ind2=" "><marc:subfield code="a">In Korean and Bulgarian.</marc:subfield></marc:datafield><marc:datafield tag="650" ind1=" " ind2="0"><marc:subfield code="a">Human genetics</marc:subfield><marc:subfield code="v">Popular works.</marc:subfield><marc:subfield code="0">http://id.loc.gov/authorities/subjects/sh2009126611</marc:subfield></marc:datafield><marc:datafield tag="650" ind1=" " ind2="0"><marc:subfield code="a">Medical genetics</marc:subfield><marc:subfield code="v">Popular works.</marc:subfield><marc:subfield code="0">http://id.loc.gov/authorities/subjects/sh2010101244</marc:subfield></marc:datafield><marc:datafield tag="902" ind1=" " ind2=" "><marc:subfield code="a">msw</marc:subfield><marc:subfield code="b">l</marc:subfield><marc:subfield code="6">a</marc:subfield><marc:subfield code="7">m</marc:subfield><marc:subfield code="d">v</marc:subfield><marc:subfield code="f">1</marc:subfield><marc:subfield code="e">20090727</marc:subfield></marc:datafield><marc:datafield tag="904" ind1=" " ind2=" "><marc:subfield code="a">msw</marc:subfield><marc:subfield code="b">o</marc:subfield><marc:subfield code="h">m</marc:subfield><marc:subfield code="c">b</marc:subfield><marc:subfield code="e">20090721</marc:subfield></marc:datafield><marc:datafield tag="914" ind1=" " ind2=" "><marc:subfield code="a">(OCoLC)ocn212015318</marc:subfield><marc:subfield code="b">OCoLC</marc:subfield><marc:subfield code="c">match</marc:subfield><marc:subfield code="d">20240501</marc:subfield><marc:subfield code="e">processed</marc:subfield><marc:subfield code="f">212015318</marc:subfield></marc:datafield></marc:record>