
<marc:record><marc:leader>02943cam a2200409 a 4500</marc:leader>
<marc:controlfield tag="001">9958653173506421</marc:controlfield>
<marc:controlfield tag="005">20240509045913.0</marc:controlfield><marc:controlfield tag="008">080908s2008    nyu      b    001 0 eng  </marc:controlfield><marc:datafield tag="010" ind1=" " ind2=" "><marc:subfield code="a">  2008039676</marc:subfield></marc:datafield><marc:datafield tag="020" ind1=" " ind2=" "><marc:subfield code="a">9783039118595 (alk. paper)</marc:subfield></marc:datafield><marc:datafield tag="020" ind1=" " ind2=" "><marc:subfield code="a">3039118595 (alk. paper)</marc:subfield></marc:datafield><marc:datafield tag="035" ind1=" " ind2=" "><marc:subfield code="a">(NjP)5865317-princetondb</marc:subfield></marc:datafield><marc:datafield tag="035" ind1=" " ind2=" "><marc:subfield code="z">(NjP)Voyager5865317</marc:subfield></marc:datafield><marc:datafield tag="035" ind1=" " ind2=" "><marc:subfield code="a">(OCoLC)ocn248539172</marc:subfield></marc:datafield><marc:datafield tag="040" ind1=" " ind2=" "><marc:subfield code="a">DLC</marc:subfield><marc:subfield code="b">eng</marc:subfield><marc:subfield code="c">DLC</marc:subfield><marc:subfield code="d">NjP</marc:subfield></marc:datafield><marc:datafield tag="043" ind1=" " ind2=" "><marc:subfield code="a">e-ie---</marc:subfield></marc:datafield><marc:datafield tag="049" ind1=" " ind2=" "><marc:subfield code="a">PULL</marc:subfield></marc:datafield><marc:datafield tag="050" ind1="0" ind2="0"><marc:subfield code="a">PR8722.L56</marc:subfield><marc:subfield code="b">N67 2008</marc:subfield></marc:datafield><marc:datafield tag="082" ind1="0" ind2="0"><marc:subfield code="a">820.9/353</marc:subfield><marc:subfield code="2">22</marc:subfield></marc:datafield><marc:datafield tag="245" ind1="0" ind2="0"><marc:subfield code="a">Liminal borderlands in Irish literature and culture /</marc:subfield><marc:subfield code="c">Irene Gilsenan Nordin and Elin Holmsten, eds.</marc:subfield></marc:datafield><marc:datafield tag="260" ind1=" " ind2=" "><marc:subfield code="a">New York :</marc:subfield><marc:subfield code="b">Peter Lang,</marc:subfield><marc:subfield code="c">2008.</marc:subfield></marc:datafield><marc:datafield tag="300" ind1=" " ind2=" "><marc:subfield code="a">207 p. ;</marc:subfield><marc:subfield code="c">23 cm.</marc:subfield></marc:datafield><marc:datafield tag="440" ind1=" " ind2="0"><marc:subfield code="a">Reimagining Ireland ;</marc:subfield><marc:subfield code="v">9</marc:subfield></marc:datafield><marc:datafield tag="504" ind1=" " ind2=" "><marc:subfield code="a">Includes bibliographical references and index.</marc:subfield></marc:datafield><marc:datafield tag="505" ind1="0" ind2=" "><marc:subfield code="a">Liminal states. Limning the liminal, thinking the threshold: Irish studies? approach to theory / Michael G. O'Sullivan -- Images of migration in Irish film: thinking inside the box / Cheryl Herr -- Liminal narratives. History in/of the borderlands: Emily Lawless and the story of Ireland / Heidi Hansson -- 'The Other' that moves and misleads?: mapping and temporality in Éilís Ní Dhuibhne's The dancer's dancing / Susan Cahill -- Drama as liminal rites of passage. Movement as text: text as movement: the choreographic writing of Samuel Beckett / Lotta P. Einarsson -- Caught in the liminal: Dorothy Cross's Udder series and Marina Carr's By the bog of cats / Risn O'Gorman -- Transformative spaces in contemporary Irish women's poetry. Identity as becoming: polymorphic female identities in contemporary Irish women's poetry / Katarzyna Poloczek -- Land [. . .] to reclaim?: otherworldly encounters in Nuala Ní Dhomhnaill's poetry / Michaela Schrage-Früh -- The (translato) logic of spectrality: Nuala Ní Dhomhnaill and her English doubles / Maryna Romanets.</marc:subfield></marc:datafield><marc:datafield tag="546" ind1=" " ind2=" "><marc:subfield code="a">In Korean and Japanese with some Hanmun.</marc:subfield></marc:datafield><marc:datafield tag="650" ind1=" " ind2="0"><marc:subfield code="a">English literature</marc:subfield><marc:subfield code="x">Irish authors</marc:subfield><marc:subfield code="x">History and criticism.</marc:subfield><marc:subfield code="0">http://id.loc.gov/authorities/subjects/sh2008103191</marc:subfield></marc:datafield><marc:datafield tag="650" ind1=" " ind2="0"><marc:subfield code="a">English literature</marc:subfield><marc:subfield code="y">20th century</marc:subfield><marc:subfield code="x">History and criticism.</marc:subfield><marc:subfield code="0">http://id.loc.gov/authorities/subjects/sh2008103188</marc:subfield></marc:datafield><marc:datafield tag="650" ind1=" " ind2="0"><marc:subfield code="a">Irish literature</marc:subfield><marc:subfield code="y">20th century</marc:subfield><marc:subfield code="x">History and criticism.</marc:subfield><marc:subfield code="0">http://id.loc.gov/authorities/subjects/sh2009127551</marc:subfield></marc:datafield><marc:datafield tag="650" ind1=" " ind2="0"><marc:subfield code="a">Liminality in literature.</marc:subfield><marc:subfield code="0">http://id.loc.gov/authorities/subjects/sh94006261</marc:subfield></marc:datafield><marc:datafield tag="651" ind1=" " ind2="0"><marc:subfield code="a">Ireland</marc:subfield><marc:subfield code="x">Civilization.</marc:subfield><marc:subfield code="0">http://id.loc.gov/authorities/subjects/sh85067971</marc:subfield></marc:datafield><marc:datafield tag="651" ind1=" " ind2="0"><marc:subfield code="a">Ireland</marc:subfield><marc:subfield code="x">Historiography.</marc:subfield><marc:subfield code="0">http://id.loc.gov/authorities/subjects/sh2009127552</marc:subfield></marc:datafield><marc:datafield tag="700" ind1="1" ind2=" "><marc:subfield code="a">Nordin, Irene Gilsenan.</marc:subfield><marc:subfield code="0">http://id.loc.gov/authorities/names/n99260111</marc:subfield></marc:datafield><marc:datafield tag="700" ind1="1" ind2=" "><marc:subfield code="a">Holmsten, Elin.</marc:subfield><marc:subfield code="0">http://id.loc.gov/authorities/names/n2008061415</marc:subfield></marc:datafield><marc:datafield tag="902" ind1=" " ind2=" "><marc:subfield code="a">nk</marc:subfield><marc:subfield code="b">l</marc:subfield><marc:subfield code="6">a</marc:subfield><marc:subfield code="7">m</marc:subfield><marc:subfield code="d">v</marc:subfield><marc:subfield code="f">1</marc:subfield><marc:subfield code="e">20090831</marc:subfield></marc:datafield><marc:datafield tag="904" ind1=" " ind2=" "><marc:subfield code="a">cjf</marc:subfield><marc:subfield code="b">o</marc:subfield><marc:subfield code="h">m</marc:subfield><marc:subfield code="c">b</marc:subfield><marc:subfield code="e">20090807</marc:subfield></marc:datafield><marc:datafield tag="914" ind1=" " ind2=" "><marc:subfield code="a">(OCoLC)ocn248539172</marc:subfield><marc:subfield code="b">OCoLC</marc:subfield><marc:subfield code="c">match</marc:subfield><marc:subfield code="d">20240508</marc:subfield><marc:subfield code="e">processed</marc:subfield><marc:subfield code="f">248539172</marc:subfield></marc:datafield></marc:record>