
<marc:record><marc:leader>02972cam a2200337 a 4500</marc:leader>
<marc:controlfield tag="001">9958738413506421</marc:controlfield>
<marc:controlfield tag="005">20240711065954.0</marc:controlfield><marc:controlfield tag="008">080720s2009    caua          000 j eng d</marc:controlfield><marc:datafield tag="020" ind1=" " ind2=" "><marc:subfield code="a">9781932361636 (pbk.)</marc:subfield></marc:datafield><marc:datafield tag="020" ind1=" " ind2=" "><marc:subfield code="a">1932361634 (pbk.)</marc:subfield></marc:datafield><marc:datafield tag="035" ind1=" " ind2=" "><marc:subfield code="a">(NjP)5873841-princetondb</marc:subfield></marc:datafield><marc:datafield tag="035" ind1=" " ind2=" "><marc:subfield code="z">(NjP)Voyager5873841</marc:subfield></marc:datafield><marc:datafield tag="035" ind1=" " ind2=" "><marc:subfield code="a">(OCoLC)ocn234438230</marc:subfield></marc:datafield><marc:datafield tag="040" ind1=" " ind2=" "><marc:subfield code="a">BTCTA</marc:subfield><marc:subfield code="b">eng</marc:subfield><marc:subfield code="c">BTCTA</marc:subfield><marc:subfield code="d">BAKER</marc:subfield><marc:subfield code="d">BKX</marc:subfield><marc:subfield code="d">BWX</marc:subfield><marc:subfield code="d">ORX</marc:subfield><marc:subfield code="d">NTD</marc:subfield><marc:subfield code="d">CDS</marc:subfield><marc:subfield code="d">VP@</marc:subfield><marc:subfield code="d">CWJ</marc:subfield></marc:datafield><marc:datafield tag="050" ind1=" " ind2="4"><marc:subfield code="a">G465</marc:subfield><marc:subfield code="b">.B479 2009</marc:subfield></marc:datafield><marc:datafield tag="245" ind1="0" ind2="4"><marc:subfield code="a">The best women's travel writing 2009 :</marc:subfield><marc:subfield code="b">true stories from around the world /</marc:subfield><marc:subfield code="c">edited by Lucy McCauley.</marc:subfield></marc:datafield><marc:datafield tag="250" ind1=" " ind2=" "><marc:subfield code="a">1st ed.</marc:subfield></marc:datafield><marc:datafield tag="260" ind1=" " ind2=" "><marc:subfield code="a">Palo Alto, Calif. :</marc:subfield><marc:subfield code="b">Travelers' Tales,</marc:subfield><marc:subfield code="c">c2009.</marc:subfield></marc:datafield><marc:datafield tag="300" ind1=" " ind2=" "><marc:subfield code="a">xxiv, 327 p. :</marc:subfield><marc:subfield code="b">ill. ;</marc:subfield><marc:subfield code="c">21 cm.</marc:subfield></marc:datafield><marc:datafield tag="505" ind1="0" ind2=" "><marc:subfield code="a">Editor's preface / Lucy McCauley -- Introduction / Faith Adiele -- Where the roads diverged / Catherine Watson -- On down the road / Nancy Vala Michaels -- Close encounters / Kari Bodnarchuk -- Big cats, no guns / Laurie McAndish King -- Risen / Natalie Galli -- Upa creek without a paddle / Line Abrahamian -- My Mexican housewife / Stacey Lee Tuel -- Tosi and me / Alexis Wolff -- By any other name : a love story / Kathleen Spivack -- Lines and angles / Nancy Penrose -- Ylli's gifts / Jann Huizenga -- Lost in Jamaica / Laurie Gough -- The ringer / Jenny D. Williams -- Becoming Coco / Ginny Horton -- Perfect sitting / Marisa Pereira -- Where no traveler had gone before / Jennifer Carol Cook -- Taklamakan Desert moon ride / Y.J. Zhu -- Homecoming Istanbul / Banu Françoise Hummel -- Pain and pleasure in Liguria / Francesca De Stefano -- Rite of passage / Nicole Zimmerman -- Out of India / Elizabeth Galewski -- Ich spreche kein Deutsch / Nichole Martinson -- A woman alone, a woman alone / Kathryn Kefauver -- Orange Who? / Sara Fraser -- In the shadow of Potocchi / Christy Quinto -- Requiem for a little red ship / Abbie Kozolchyk -- Al-ajnabiya (The foreigner) / Stephanie Chaban -- Fish out of water / Terri Trespicio -- A station on the way / Bonnie Bruinsslot -- Speaking the same language / Marybeth Bond -- Memories of stone / Joanne Astley -- Return / Sharon Balentine -- Mexican rain / Pamela Alma Bass -- Bread, clay, and the Spanish Civil War / Diana Cohen -- Passport past / Sophia Dembling.</marc:subfield></marc:datafield><marc:datafield tag="546" ind1=" " ind2=" "><marc:subfield code="a">Text in Russian, Persian and Dari languages.</marc:subfield></marc:datafield><marc:datafield tag="650" ind1=" " ind2="0"><marc:subfield code="a">Women</marc:subfield><marc:subfield code="x">Travel.</marc:subfield></marc:datafield><marc:datafield tag="650" ind1=" " ind2="0"><marc:subfield code="a">Voyages and travels.</marc:subfield><marc:subfield code="0">http://id.loc.gov/authorities/subjects/sh85144443</marc:subfield></marc:datafield><marc:datafield tag="650" ind1=" " ind2="0"><marc:subfield code="a">Travelers' writings</marc:subfield><marc:subfield code="x">Women authors.</marc:subfield></marc:datafield><marc:datafield tag="650" ind1=" " ind2="0"><marc:subfield code="a">Women travelers</marc:subfield><marc:subfield code="v">Anecdotes.</marc:subfield><marc:subfield code="0">http://id.loc.gov/authorities/subjects/sh2010119233</marc:subfield></marc:datafield><marc:datafield tag="655" ind1=" " ind2="7"><marc:subfield code="a">Anecdotes.</marc:subfield><marc:subfield code="2">lcgft</marc:subfield><marc:subfield code="0">http://id.loc.gov/authorities/genreForms/gf2014026044</marc:subfield></marc:datafield><marc:datafield tag="655" ind1=" " ind2="7"><marc:subfield code="a">Short stories.</marc:subfield><marc:subfield code="2">lcgft</marc:subfield><marc:subfield code="0">http://id.loc.gov/authorities/genreForms/gf2014026542</marc:subfield></marc:datafield><marc:datafield tag="700" ind1="1" ind2=" "><marc:subfield code="a">McCauley, Lucy.</marc:subfield><marc:subfield code="0">http://id.loc.gov/authorities/names/no98114286</marc:subfield></marc:datafield><marc:datafield tag="902" ind1=" " ind2=" "><marc:subfield code="a">ded</marc:subfield><marc:subfield code="b">m</marc:subfield><marc:subfield code="6">a</marc:subfield><marc:subfield code="7">m</marc:subfield><marc:subfield code="d">v</marc:subfield><marc:subfield code="f">1</marc:subfield><marc:subfield code="e">20100305</marc:subfield></marc:datafield><marc:datafield tag="904" ind1=" " ind2=" "><marc:subfield code="a">wcs</marc:subfield><marc:subfield code="b">o</marc:subfield><marc:subfield code="h">m</marc:subfield><marc:subfield code="c">b</marc:subfield><marc:subfield code="e">20090819</marc:subfield></marc:datafield><marc:datafield tag="914" ind1=" " ind2=" "><marc:subfield code="a">(OCoLC)ocn234438230</marc:subfield><marc:subfield code="b">OCoLC</marc:subfield><marc:subfield code="c">match</marc:subfield><marc:subfield code="d">20240710</marc:subfield><marc:subfield code="e">processed</marc:subfield><marc:subfield code="f">234438230</marc:subfield></marc:datafield></marc:record>