
<marc:record><marc:leader>01401pam a22003374a 4500</marc:leader>
<marc:controlfield tag="001">9959378813506421</marc:controlfield>
<marc:controlfield tag="005">20240819103744.0</marc:controlfield><marc:controlfield tag="008">090504s2009    nyuaf         000 0aeng  </marc:controlfield><marc:datafield tag="010" ind1=" " ind2=" "><marc:subfield code="a">  2009016258</marc:subfield></marc:datafield><marc:datafield tag="020" ind1=" " ind2=" "><marc:subfield code="a">9780312556747</marc:subfield></marc:datafield><marc:datafield tag="020" ind1=" " ind2=" "><marc:subfield code="a">0312556748</marc:subfield></marc:datafield><marc:datafield tag="035" ind1=" " ind2=" "><marc:subfield code="a">(NjP)5937881-princetondb</marc:subfield></marc:datafield><marc:datafield tag="035" ind1=" " ind2=" "><marc:subfield code="a">(OCoLC)ocn316019701</marc:subfield></marc:datafield><marc:datafield tag="035" ind1=" " ind2=" "><marc:subfield code="z">(NjP)Voyager5937881</marc:subfield></marc:datafield><marc:datafield tag="040" ind1=" " ind2=" "><marc:subfield code="a">DLC</marc:subfield><marc:subfield code="b">eng</marc:subfield><marc:subfield code="c">DLC</marc:subfield><marc:subfield code="d">BTCTA</marc:subfield><marc:subfield code="d">C#P</marc:subfield></marc:datafield><marc:datafield tag="043" ind1=" " ind2=" "><marc:subfield code="a">f------</marc:subfield></marc:datafield><marc:datafield tag="050" ind1="0" ind2="0"><marc:subfield code="a">QL31.R46</marc:subfield><marc:subfield code="b">.A3 2009</marc:subfield></marc:datafield><marc:datafield tag="082" ind1="0" ind2="0"><marc:subfield code="a">599.757092</marc:subfield><marc:subfield code="a">B</marc:subfield><marc:subfield code="2">22</marc:subfield></marc:datafield><marc:datafield tag="100" ind1="1" ind2=" "><marc:subfield code="a">Richardson, Kevin.</marc:subfield><marc:subfield code="0">http://id.loc.gov/authorities/names/n2009027830</marc:subfield></marc:datafield><marc:datafield tag="245" ind1="1" ind2="0"><marc:subfield code="a">Part of the pride :</marc:subfield><marc:subfield code="b">my life among the big cats of Africa /</marc:subfield><marc:subfield code="c">Kevin Richardson, with Tony Park.</marc:subfield></marc:datafield><marc:datafield tag="250" ind1=" " ind2=" "><marc:subfield code="a">1st ed.</marc:subfield></marc:datafield><marc:datafield tag="260" ind1=" " ind2=" "><marc:subfield code="a">New York :</marc:subfield><marc:subfield code="b">St. Martin's Press,</marc:subfield><marc:subfield code="c">2009.</marc:subfield></marc:datafield><marc:datafield tag="300" ind1=" " ind2=" "><marc:subfield code="a">x, 243 p., [16] p. of plates :</marc:subfield><marc:subfield code="b">col. ill. ;</marc:subfield><marc:subfield code="c">25 cm.</marc:subfield></marc:datafield><marc:datafield tag="546" ind1=" " ind2=" "><marc:subfield code="a">Text in Castilian (Spanish dialect) translated from Latin.</marc:subfield></marc:datafield><marc:datafield tag="600" ind1="1" ind2="0"><marc:subfield code="a">Richardson, Kevin.</marc:subfield><marc:subfield code="0">http://id.loc.gov/authorities/names/n2009027830</marc:subfield></marc:datafield><marc:datafield tag="650" ind1=" " ind2="0"><marc:subfield code="a">Zoo keepers</marc:subfield><marc:subfield code="z">South Africa</marc:subfield><marc:subfield code="v">Biography.</marc:subfield></marc:datafield><marc:datafield tag="650" ind1=" " ind2="0"><marc:subfield code="a">Lion</marc:subfield><marc:subfield code="x">Behavior</marc:subfield><marc:subfield code="z">South Africa.</marc:subfield><marc:subfield code="0">http://id.loc.gov/authorities/subjects/sh2010000809</marc:subfield></marc:datafield><marc:datafield tag="650" ind1=" " ind2="0"><marc:subfield code="a">Captive Felidae</marc:subfield><marc:subfield code="x">Behavior</marc:subfield><marc:subfield code="z">South Africa.</marc:subfield><marc:subfield code="0">http://id.loc.gov/authorities/subjects/sh2010000153</marc:subfield></marc:datafield><marc:datafield tag="902" ind1=" " ind2=" "><marc:subfield code="a">mnc</marc:subfield><marc:subfield code="b">s</marc:subfield><marc:subfield code="6">a</marc:subfield><marc:subfield code="7">m</marc:subfield><marc:subfield code="d">v</marc:subfield><marc:subfield code="f">1</marc:subfield><marc:subfield code="e">20090923</marc:subfield></marc:datafield><marc:datafield tag="904" ind1=" " ind2=" "><marc:subfield code="a">mnc</marc:subfield><marc:subfield code="b">a</marc:subfield><marc:subfield code="h">m</marc:subfield><marc:subfield code="c">b</marc:subfield><marc:subfield code="e">20090923</marc:subfield></marc:datafield><marc:datafield tag="914" ind1=" " ind2=" "><marc:subfield code="a">(OCoLC)ocn316019701</marc:subfield><marc:subfield code="b">OCoLC</marc:subfield><marc:subfield code="c">match</marc:subfield><marc:subfield code="d">20221117</marc:subfield><marc:subfield code="e">processed</marc:subfield><marc:subfield code="f">316019701</marc:subfield></marc:datafield></marc:record>