
<marc:record><marc:leader>02551cam a22003374a 4500</marc:leader>
<marc:controlfield tag="001">9959414213506421</marc:controlfield>
<marc:controlfield tag="005">20240711070514.0</marc:controlfield><marc:controlfield tag="008">081106s2009    txu           000 p eng c</marc:controlfield><marc:datafield tag="010" ind1=" " ind2=" "><marc:subfield code="a">  2008048666</marc:subfield></marc:datafield><marc:datafield tag="020" ind1=" " ind2=" "><marc:subfield code="a">9781933896281 (pbk. : alk. paper)</marc:subfield></marc:datafield><marc:datafield tag="020" ind1=" " ind2=" "><marc:subfield code="a">1933896280 (pbk. : alk. paper)</marc:subfield></marc:datafield><marc:datafield tag="035" ind1=" " ind2=" "><marc:subfield code="a">(TXA)3044209</marc:subfield></marc:datafield><marc:datafield tag="035" ind1=" " ind2=" "><marc:subfield code="a">(DLC) 2008048666</marc:subfield></marc:datafield><marc:datafield tag="035" ind1=" " ind2=" "><marc:subfield code="a">(NjP)5941421-princetondb</marc:subfield></marc:datafield><marc:datafield tag="035" ind1=" " ind2=" "><marc:subfield code="z">(NjP)Voyager5941421</marc:subfield></marc:datafield><marc:datafield tag="035" ind1=" " ind2=" "><marc:subfield code="a">(OCoLC)ocn270232109</marc:subfield></marc:datafield><marc:datafield tag="040" ind1=" " ind2=" "><marc:subfield code="a">TXA/DLC</marc:subfield><marc:subfield code="b">eng</marc:subfield><marc:subfield code="c">DLC</marc:subfield><marc:subfield code="d">DLC</marc:subfield></marc:datafield><marc:datafield tag="042" ind1=" " ind2=" "><marc:subfield code="a">pcc</marc:subfield></marc:datafield><marc:datafield tag="050" ind1="0" ind2="0"><marc:subfield code="a">PS3551.S387</marc:subfield><marc:subfield code="b">B37 2009</marc:subfield></marc:datafield><marc:datafield tag="546" ind1=" " ind2=" "><marc:subfield code="a">Text in Logudorese (Sardinian dialect) with critical matter and annotations in Italian but not a verbatim translation.</marc:subfield></marc:datafield><marc:datafield tag="082" ind1="0" ind2="0"><marc:subfield code="a">811/.54</marc:subfield><marc:subfield code="2">22</marc:subfield></marc:datafield><marc:datafield tag="100" ind1="1" ind2=" "><marc:subfield code="a">Ashley, Renée.</marc:subfield><marc:subfield code="0">http://id.loc.gov/authorities/names/n91022113</marc:subfield></marc:datafield><marc:datafield tag="245" ind1="1" ind2="0"><marc:subfield code="a">Basic heart /</marc:subfield><marc:subfield code="c">Renée Ashley.</marc:subfield></marc:datafield><marc:datafield tag="250" ind1=" " ind2=" "><marc:subfield code="a">1st ed.</marc:subfield></marc:datafield><marc:datafield tag="260" ind1=" " ind2=" "><marc:subfield code="a">Huntsville, Tex. :</marc:subfield><marc:subfield code="b">Texas Review Press,</marc:subfield><marc:subfield code="c">2009.</marc:subfield></marc:datafield><marc:datafield tag="300" ind1=" " ind2=" "><marc:subfield code="a">61 p. ;</marc:subfield><marc:subfield code="c">22 cm.</marc:subfield></marc:datafield><marc:datafield tag="505" ind1="0" ind2=" "><marc:subfield code="a">The cage -- The map is of another world -- Invitation -- The things we say are much maligned -- What the dark was -- A poem of two minds -- Heart as metaphor -- Severe -- Dire sapphics on love's nature and the unfortunate decline of delusion -- The heart -- Self-portrait on a white table -- She refuses to believe in dreams -- Breaking through the abstract -- Lines for the disengaged heart -- What will not help you -- The heart stops (epitaphic notes for the dead) -- The drowning -- The roof is askew, the sky falls in -- For cat's butt -- The suicides -- Mother poem -- Father poem -- Yellow -- Ars poetica -- The woman at the waiting arms -- Death is a hat -- Capsule -- The stone -- How it happens -- Fine awake -- As for the dreaming -- Desire is naked -- White (I) -- The dogs -- Reprise -- I have been told you would like more story -- White (II) -- How little we can only be -- A poem about not quite getting it (but not an aphasic poem in the least) -- A nice poem in praise of sex to make up for the one that wasn't so nice -- Interpreting for the madman -- Heart beneath a door -- The awful truth -- Basic heart -- A poem is not a heart -- Like God -- Charity -- Letter to C -- Mourn -- It is very often as though -- Poem about the cages with a sentence from Wallace Stevens -- I am still here -- What floats is called a swan.</marc:subfield></marc:datafield><marc:datafield tag="655" ind1=" " ind2="7"><marc:subfield code="a">Poetry.</marc:subfield><marc:subfield code="2">lcgft</marc:subfield><marc:subfield code="0">http://id.loc.gov/authorities/genreForms/gf2014026481</marc:subfield></marc:datafield><marc:datafield tag="902" ind1=" " ind2=" "><marc:subfield code="a">kl</marc:subfield><marc:subfield code="b">s</marc:subfield><marc:subfield code="6">a</marc:subfield><marc:subfield code="7">m</marc:subfield><marc:subfield code="d">v</marc:subfield><marc:subfield code="f">1</marc:subfield><marc:subfield code="e">20090928</marc:subfield></marc:datafield><marc:datafield tag="904" ind1=" " ind2=" "><marc:subfield code="a">kl</marc:subfield><marc:subfield code="b">a</marc:subfield><marc:subfield code="h">m</marc:subfield><marc:subfield code="c">b</marc:subfield><marc:subfield code="e">20090928</marc:subfield></marc:datafield><marc:datafield tag="914" ind1=" " ind2=" "><marc:subfield code="a">(OCoLC)ocn270232109</marc:subfield><marc:subfield code="b">OCoLC</marc:subfield><marc:subfield code="c">match</marc:subfield><marc:subfield code="d">20240710</marc:subfield><marc:subfield code="e">processed</marc:subfield><marc:subfield code="f">270232109</marc:subfield></marc:datafield></marc:record>