
<marc:record><marc:leader>02510cam a2200385Ia 4500</marc:leader>
<marc:controlfield tag="001">9959478413506421</marc:controlfield>
<marc:controlfield tag="005">20240819103746.0</marc:controlfield><marc:controlfield tag="008">090918s2008    wauac         000 c eng d</marc:controlfield><marc:datafield tag="020" ind1=" " ind2=" "><marc:subfield code="a">9781560978411</marc:subfield></marc:datafield><marc:datafield tag="020" ind1=" " ind2=" "><marc:subfield code="a">1560978414</marc:subfield></marc:datafield><marc:datafield tag="035" ind1=" " ind2=" "><marc:subfield code="a">(NjP)5947841-princetondb</marc:subfield></marc:datafield><marc:datafield tag="035" ind1=" " ind2=" "><marc:subfield code="a">(OCoLC)ocn436988881</marc:subfield></marc:datafield><marc:datafield tag="035" ind1=" " ind2=" "><marc:subfield code="z">(NjP)Voyager5947841</marc:subfield></marc:datafield><marc:datafield tag="040" ind1=" " ind2=" "><marc:subfield code="a">SYB</marc:subfield><marc:subfield code="b">eng</marc:subfield><marc:subfield code="c">SYB</marc:subfield><marc:subfield code="d">SYB</marc:subfield></marc:datafield><marc:datafield tag="050" ind1=" " ind2="4"><marc:subfield code="a">PN6728.K7</marc:subfield><marc:subfield code="b">H372 2008</marc:subfield></marc:datafield><marc:datafield tag="100" ind1="1" ind2=" "><marc:subfield code="a">Herriman, George,</marc:subfield><marc:subfield code="d">1880-1944.</marc:subfield><marc:subfield code="0">http://id.loc.gov/authorities/names/n50036897</marc:subfield></marc:datafield><marc:datafield tag="240" ind1="1" ind2="0"><marc:subfield code="a">Krazy Kat.</marc:subfield><marc:subfield code="k">Selections</marc:subfield></marc:datafield><marc:datafield tag="245" ind1="1" ind2="0"><marc:subfield code="a">Krazy and Ignatz, 1935-1944 /</marc:subfield><marc:subfield code="c">by George Herriman ; edited by Bill Blackbeard.</marc:subfield></marc:datafield><marc:datafield tag="260" ind1=" " ind2=" "><marc:subfield code="a">Seattle, Wash. :</marc:subfield><marc:subfield code="b">Fantagraphics Books,</marc:subfield><marc:subfield code="c">c2008.</marc:subfield></marc:datafield><marc:datafield tag="300" ind1=" " ind2=" "><marc:subfield code="a">117, 118, 117, 117, 80 p. :</marc:subfield><marc:subfield code="b">ill., ports., ;</marc:subfield><marc:subfield code="c">31 cm.</marc:subfield></marc:datafield><marc:datafield tag="490" ind1="1" ind2=" "><marc:subfield code="a">Krazy &amp; Ignatz : the complete Sunday strips ;</marc:subfield><marc:subfield code="v">v. 3</marc:subfield></marc:datafield><marc:datafield tag="500" ind1=" " ind2=" "><marc:subfield code="a">Spine title.</marc:subfield></marc:datafield><marc:datafield tag="500" ind1=" " ind2=" "><marc:subfield code="a">Contains the final five Krazy &amp; Ignatz softcover collections books covering the years 1935-1944, published by Fantagraphics Books.</marc:subfield></marc:datafield><marc:datafield tag="505" ind1="0" ind2=" "><marc:subfield code="a">Krazy &amp; Ignatz : &quot;A wild warmth of chromatic gravy&quot; : coalescing the complete full-page comic strips, 1935-36 -- Krazy &amp; Ignatz : &quot;Shifting sands dusts its cheeks in powdered beauty&quot; : compounding the complete full-page comic strips, with some extra oddities, 1937-38 -- Krazy &amp; Ignatz : &quot;A brick stuffed with moom-bims&quot; : congregating the complete full-page comic strips, with addenda, 1939-40 -- Krazy &amp; Ignatz : &quot;A ragout of raspberries&quot; : culling together the complete full-page comic strips, with addenda, 1941-42 -- Krazy &amp; Ignatz : &quot;He nods in quiescent siesta&quot; : completing the complete full-page comic strips, 1943-44.</marc:subfield></marc:datafield><marc:datafield tag="546" ind1=" " ind2=" "><marc:subfield code="a">Text in Old Babylonian and Neo-Assyrian Akkadian dialects in parallel columns, followed by romanized transcription; translation and critical matter in English, translated from German.</marc:subfield></marc:datafield><marc:datafield tag="650" ind1=" " ind2="0"><marc:subfield code="a">Krazy Kat (Fictitious character)</marc:subfield><marc:subfield code="v">Comic books, strips, etc.</marc:subfield></marc:datafield><marc:datafield tag="650" ind1=" " ind2="0"><marc:subfield code="a">Ignatz Mouse (Fictitious character)</marc:subfield><marc:subfield code="v">Comic books, strips, etc.</marc:subfield></marc:datafield><marc:datafield tag="650" ind1=" " ind2="0"><marc:subfield code="a">Cats</marc:subfield><marc:subfield code="v">Comic books, strips, etc.</marc:subfield></marc:datafield><marc:datafield tag="650" ind1=" " ind2="0"><marc:subfield code="a">Mice</marc:subfield><marc:subfield code="v">Comic books, strips, etc.</marc:subfield></marc:datafield><marc:datafield tag="650" ind1=" " ind2="0"><marc:subfield code="a">Comic books, strips, etc.</marc:subfield><marc:subfield code="z">United States.</marc:subfield></marc:datafield><marc:datafield tag="655" ind1=" " ind2="7"><marc:subfield code="a">Comics (Graphic works)</marc:subfield><marc:subfield code="2">lcgft</marc:subfield><marc:subfield code="0">http://id.loc.gov/authorities/genreForms/gf2014026266</marc:subfield></marc:datafield><marc:datafield tag="700" ind1="1" ind2=" "><marc:subfield code="a">Blackbeard, Bill.</marc:subfield><marc:subfield code="0">http://id.loc.gov/authorities/names/n81042155</marc:subfield></marc:datafield><marc:datafield tag="800" ind1="1" ind2=" "><marc:subfield code="a">Herriman, George,</marc:subfield><marc:subfield code="d">1880-1944.</marc:subfield><marc:subfield code="t">Krazy Kat ;</marc:subfield><marc:subfield code="v">v. 3.</marc:subfield></marc:datafield><marc:datafield tag="902" ind1=" " ind2=" "><marc:subfield code="a">jrl</marc:subfield><marc:subfield code="b">m</marc:subfield><marc:subfield code="6">a</marc:subfield><marc:subfield code="7">m</marc:subfield><marc:subfield code="d">v</marc:subfield><marc:subfield code="f">1</marc:subfield><marc:subfield code="e">20091008</marc:subfield></marc:datafield><marc:datafield tag="914" ind1=" " ind2=" "><marc:subfield code="a">(OCoLC)ocn436988881</marc:subfield><marc:subfield code="b">OCoLC</marc:subfield><marc:subfield code="c">match</marc:subfield><marc:subfield code="d">20221117</marc:subfield><marc:subfield code="e">processed</marc:subfield><marc:subfield code="f">436988881</marc:subfield></marc:datafield></marc:record>