
<marc:record><marc:leader>02581cam a2200361 a 4500</marc:leader>
<marc:controlfield tag="001">9959614083506421</marc:controlfield>
<marc:controlfield tag="005">20240725054847.0</marc:controlfield><marc:controlfield tag="008">091016s2009    gw a          000 e ger d</marc:controlfield><marc:datafield tag="020" ind1=" " ind2=" "><marc:subfield code="a">9783884233283</marc:subfield></marc:datafield><marc:datafield tag="020" ind1=" " ind2=" "><marc:subfield code="a">3884233289</marc:subfield></marc:datafield><marc:datafield tag="035" ind1=" " ind2=" "><marc:subfield code="a">(GyWOH)har090084292</marc:subfield></marc:datafield><marc:datafield tag="035" ind1=" " ind2=" "><marc:subfield code="a">(NjP)5961408-princetondb</marc:subfield></marc:datafield><marc:datafield tag="035" ind1=" " ind2=" "><marc:subfield code="z">(NjP)Voyager5961408</marc:subfield></marc:datafield><marc:datafield tag="035" ind1=" " ind2=" "><marc:subfield code="a">(OCoLC)ocn476421878</marc:subfield></marc:datafield><marc:datafield tag="040" ind1=" " ind2=" "><marc:subfield code="a">COO</marc:subfield><marc:subfield code="b">eng</marc:subfield><marc:subfield code="c">COO</marc:subfield><marc:subfield code="d">DGU</marc:subfield><marc:subfield code="d">NjP</marc:subfield></marc:datafield><marc:datafield tag="050" ind1=" " ind2="4"><marc:subfield code="a">PT134.C38</marc:subfield><marc:subfield code="b">B83 2009</marc:subfield></marc:datafield><marc:datafield tag="245" ind1="0" ind2="4"><marc:subfield code="a">Das Buch Nero :</marc:subfield><marc:subfield code="b">Festschrift für einen Dienstkater /</marc:subfield><marc:subfield code="c">Oleg Jurjew (Hg.)</marc:subfield></marc:datafield><marc:datafield tag="246" ind1="3" ind2="0"><marc:subfield code="a">Festschrift für einen Dienstkater</marc:subfield></marc:datafield><marc:datafield tag="250" ind1=" " ind2=" "><marc:subfield code="a">1. Aufl.</marc:subfield></marc:datafield><marc:datafield tag="260" ind1=" " ind2=" "><marc:subfield code="a">Heidelberg :</marc:subfield><marc:subfield code="b">Verlg Das Wunderhorn,</marc:subfield><marc:subfield code="c">c2009.</marc:subfield></marc:datafield><marc:datafield tag="300" ind1=" " ind2=" "><marc:subfield code="a">62 p. :</marc:subfield><marc:subfield code="b">ill. ;</marc:subfield><marc:subfield code="c">23 cm.</marc:subfield></marc:datafield><marc:datafield tag="490" ind1="1" ind2=" "><marc:subfield code="a">Edition Künstlerhaus ;</marc:subfield><marc:subfield code="v">Bd. 28</marc:subfield></marc:datafield><marc:datafield tag="500" ind1=" " ind2=" "><marc:subfield code="a">Essays.</marc:subfield></marc:datafield><marc:datafield tag="505" ind1="0" ind2=" "><marc:subfield code="a">Ein Tanka für die Katz / Hans Arnfrid Astel -- Katzen lie ben Aufzeichnungen / Hans Bender -- Dienstkater / Michael Buselmeier -- Kladdentag / Hugo Dittberner -- Artstudie / Bild im bilde / Róža Domašcyna -- Gewöhnliche Reime / Kurt Drawert -- Vormittag, der / Lebenslang / Im Hof / Elke Erb -- In der blauen Wortgeschichte oben / Dorothea Grünzweig -- Brief an Nero / Ludwig Harig -- Ave Nero! / Katrin Hillgruber -- Katzen der Stadt Edenkoben / Oleg Jurjew -- Kaiserliches Asyl / Volker Kaminski -- dunkel / Wulf Kirsten -- Kater Nero zu treffen / Uwe Kolbe -- Nero ist eine schwarze Haut / Gregor Laschen -- Katkanterei / Werner Laubscher -- Auf den Kater namens Nero in Edenkoben / Kito Lorenc -- Unaufhörliches Denken an X / Marion Poschmann -- Crunsch Plüschtunnel / Monika Rinck -- Paradiesstall : Tagebuch mit Kater / Ulrike Almut Sandig -- gedicht mit gnostiziertem scratch / Ulf Stolterfoht -- Nero / Brigitte Struzyk -- Katzentraum / Glückskatze / Geräusche wechseln / Ralf Thenior -- Soviele Haare und keinen Kamm / Hans Thill -- vier tableaus mit kater / Jan Wagner -- Von Hunden und Katzen und Nero am Rande / Gabriele Weingartner -- Der dritte Name / Oleg Jurjew.</marc:subfield></marc:datafield><marc:datafield tag="546" ind1=" " ind2=" "><marc:subfield code="a">Vocal works sung in Venetian dialect and English.</marc:subfield></marc:datafield><marc:datafield tag="650" ind1=" " ind2="0"><marc:subfield code="a">Cats in literature.</marc:subfield><marc:subfield code="0">http://id.loc.gov/authorities/subjects/sh85021280</marc:subfield></marc:datafield><marc:datafield tag="655" ind1=" " ind2="7"><marc:subfield code="a">Essays.</marc:subfield><marc:subfield code="2">lcgft</marc:subfield><marc:subfield code="0">http://id.loc.gov/authorities/genreForms/gf2014026094</marc:subfield></marc:datafield><marc:datafield tag="700" ind1="1" ind2=" "><marc:subfield code="a">I︠U︡rʹev, Oleg.</marc:subfield><marc:subfield code="0">http://id.loc.gov/authorities/names/no94017934</marc:subfield></marc:datafield><marc:datafield tag="830" ind1=" " ind2="0"><marc:subfield code="a">Edition Künstlerhaus ;</marc:subfield><marc:subfield code="v">Bd. 28.</marc:subfield></marc:datafield><marc:datafield tag="902" ind1=" " ind2=" "><marc:subfield code="a">jar</marc:subfield><marc:subfield code="b">m</marc:subfield><marc:subfield code="6">a</marc:subfield><marc:subfield code="7">m</marc:subfield><marc:subfield code="d">v</marc:subfield><marc:subfield code="f">1</marc:subfield><marc:subfield code="e">20100407</marc:subfield></marc:datafield><marc:datafield tag="904" ind1=" " ind2=" "><marc:subfield code="a">st16</marc:subfield><marc:subfield code="b">a</marc:subfield><marc:subfield code="h">m</marc:subfield><marc:subfield code="c">b</marc:subfield><marc:subfield code="e">20091023</marc:subfield></marc:datafield><marc:datafield tag="914" ind1=" " ind2=" "><marc:subfield code="a">(OCoLC)ocn476421878</marc:subfield><marc:subfield code="b">OCoLC</marc:subfield><marc:subfield code="c">match</marc:subfield><marc:subfield code="d">20240717</marc:subfield><marc:subfield code="e">processed</marc:subfield><marc:subfield code="f">476421878</marc:subfield></marc:datafield><marc:datafield tag="956" ind1="4" ind2="2"><marc:subfield code="u">http://d-nb.info/994327536/04</marc:subfield><marc:subfield code="3">Inhaltsverzeichnis</marc:subfield></marc:datafield></marc:record>