
<marc:record><marc:leader>05349cam a2200433 a 4500</marc:leader>
<marc:controlfield tag="001">9959867083506421</marc:controlfield>
<marc:controlfield tag="005">20240725055616.0</marc:controlfield><marc:controlfield tag="008">090228s2009    nyu           000 1deng d</marc:controlfield><marc:datafield tag="010" ind1=" " ind2=" "><marc:subfield code="a">  2009927074</marc:subfield></marc:datafield><marc:datafield tag="019" ind1=" " ind2=" "><marc:subfield code="a">318411556</marc:subfield></marc:datafield><marc:datafield tag="020" ind1=" " ind2=" "><marc:subfield code="a">9781598530476 (v. 1)</marc:subfield></marc:datafield><marc:datafield tag="020" ind1=" " ind2=" "><marc:subfield code="a">159853047X (v. 1)</marc:subfield></marc:datafield><marc:datafield tag="020" ind1=" " ind2=" "><marc:subfield code="a">9781598530483 (v. 2)</marc:subfield></marc:datafield><marc:datafield tag="020" ind1=" " ind2=" "><marc:subfield code="a">1598530488 (v. 2)</marc:subfield></marc:datafield><marc:datafield tag="035" ind1=" " ind2=" "><marc:subfield code="a">(NjP)5986708-princetondb</marc:subfield></marc:datafield><marc:datafield tag="035" ind1=" " ind2=" "><marc:subfield code="z">(OCoLC)318411556</marc:subfield></marc:datafield><marc:datafield tag="035" ind1=" " ind2=" "><marc:subfield code="z">(NjP)Voyager5986708</marc:subfield></marc:datafield><marc:datafield tag="035" ind1=" " ind2=" "><marc:subfield code="a">(OCoLC)ocn449192200</marc:subfield></marc:datafield><marc:datafield tag="040" ind1=" " ind2=" "><marc:subfield code="a">BET</marc:subfield><marc:subfield code="b">eng</marc:subfield><marc:subfield code="c">BET</marc:subfield><marc:subfield code="d">THM</marc:subfield><marc:subfield code="d">BWX</marc:subfield><marc:subfield code="d">ORX</marc:subfield><marc:subfield code="d">OLC</marc:subfield><marc:subfield code="d">MNM</marc:subfield><marc:subfield code="d">IXA</marc:subfield><marc:subfield code="d">JFL</marc:subfield><marc:subfield code="d">CDX</marc:subfield><marc:subfield code="d">NjP</marc:subfield></marc:datafield><marc:datafield tag="049" ind1=" " ind2=" "><marc:subfield code="a">PULL</marc:subfield></marc:datafield><marc:datafield tag="050" ind1=" " ind2="4"><marc:subfield code="a">PS648.F3</marc:subfield><marc:subfield code="b">A53 2009</marc:subfield></marc:datafield><marc:datafield tag="082" ind1="0" ind2=" "><marc:subfield code="a">813.008</marc:subfield></marc:datafield><marc:datafield tag="245" ind1="0" ind2="0"><marc:subfield code="a">American fantastic tales :</marc:subfield><marc:subfield code="b">terror and the uncanny /</marc:subfield><marc:subfield code="c">Peter Straub, editor.</marc:subfield></marc:datafield><marc:datafield tag="260" ind1=" " ind2=" "><marc:subfield code="a">New York :</marc:subfield><marc:subfield code="b">Library of America ;</marc:subfield><marc:subfield code="b">Distributed in the United States by Penguin Group,</marc:subfield><marc:subfield code="c">c2009.</marc:subfield></marc:datafield><marc:datafield tag="300" ind1=" " ind2=" "><marc:subfield code="a">2 v. ;</marc:subfield><marc:subfield code="c">21 cm.</marc:subfield></marc:datafield><marc:datafield tag="490" ind1="1" ind2=" "><marc:subfield code="a">Library of America ;</marc:subfield><marc:subfield code="v">196-197</marc:subfield></marc:datafield><marc:datafield tag="505" ind1="0" ind2=" "><marc:subfield code="a">[v. 1] From Poe to the pulps -- [v. 2] From the 1940s to now.</marc:subfield></marc:datafield><marc:datafield tag="505" ind1="0" ind2="0"><marc:subfield code="g">[v. 1.] From Poe to the pulps.</marc:subfield><marc:subfield code="t">Somnambulism : a fragment /</marc:subfield><marc:subfield code="r">Charles Brockden Brown --</marc:subfield><marc:subfield code="t">The adventure of the German student /</marc:subfield><marc:subfield code="r">Washington Irving --</marc:subfield><marc:subfield code="t">Berenice /</marc:subfield><marc:subfield code="r">Edgar Allan Poe --</marc:subfield><marc:subfield code="t">Young Goodman Brown /</marc:subfield><marc:subfield code="r">Nathaniel Hawthorne --</marc:subfield><marc:subfield code="t">The tartarus of maids /</marc:subfield><marc:subfield code="r">Herman Melville --</marc:subfield><marc:subfield code="t">What was it? /</marc:subfield><marc:subfield code="r">Fitz-James O'Brien --</marc:subfield><marc:subfield code="t">The legend of Monte del Diablo /</marc:subfield><marc:subfield code="r">Bret Harte --</marc:subfield><marc:subfield code="t">The moonstone mass /</marc:subfield><marc:subfield code="r">Harriet Prescott Spofford --</marc:subfield><marc:subfield code="t">His unconquerable enemy /</marc:subfield><marc:subfield code="r">W.C. Morrow --</marc:subfield><marc:subfield code="t">In dark New England days /</marc:subfield><marc:subfield code="r">Sarah Orne Jewett --</marc:subfield><marc:subfield code="t">The yellow wall paper /</marc:subfield><marc:subfield code="r">Charlotte Perkins Gilman --</marc:subfield><marc:subfield code="t">The black dog /</marc:subfield><marc:subfield code="r">Stephen Crane --</marc:subfield><marc:subfield code="t">Ma'ame Pélagie /</marc:subfield><marc:subfield code="r">Kate Chopin --</marc:subfield><marc:subfield code="t">Thurlow's Christmas story /</marc:subfield><marc:subfield code="r">John Kendrick Bangs --</marc:subfield><marc:subfield code="t">The repairer of reputations /</marc:subfield><marc:subfield code="r">Robert W. Chambers --</marc:subfield><marc:subfield code="t">The dead valley /</marc:subfield><marc:subfield code="r">Ralph Adams Cram --</marc:subfield><marc:subfield code="t">The little room /</marc:subfield><marc:subfield code="r">Madeline Yale Wynne --</marc:subfield><marc:subfield code="t">The striding place /</marc:subfield><marc:subfield code="r">Gertrude Atherton --</marc:subfield><marc:subfield code="t">An itinerant house /</marc:subfield><marc:subfield code="r">Emma Francis Dawson --</marc:subfield><marc:subfield code="t">Luella Miller /</marc:subfield><marc:subfield code="r">Mary Wilkins Freeman --</marc:subfield><marc:subfield code="t">Grettir at Thorhall-stead /</marc:subfield><marc:subfield code="r">Frank Norris --</marc:subfield><marc:subfield code="t">Yuki-Onna /</marc:subfield><marc:subfield code="r">Lafcadio Hearn --</marc:subfield><marc:subfield code="t">For the blood is life /</marc:subfield><marc:subfield code="r">F. Marion Crawford --</marc:subfield><marc:subfield code="t">The moonlit road /</marc:subfield><marc:subfield code="r">Ambrose Bierce --</marc:subfield><marc:subfield code="t">Lukundoo /</marc:subfield><marc:subfield code="r">Edward Lucas White --</marc:subfield><marc:subfield code="t">The shell of sense /</marc:subfield><marc:subfield code="r">Olivia Howard Dunbar --</marc:subfield><marc:subfield code="t">The jolly corner /</marc:subfield><marc:subfield code="r">Henry James --</marc:subfield><marc:subfield code="t">Golden baby /</marc:subfield><marc:subfield code="r">Alice Brown --</marc:subfield><marc:subfield code="t">Afterward /</marc:subfield><marc:subfield code="r">Edith Wharton --</marc:subfield><marc:subfield code="t">Consequences /</marc:subfield><marc:subfield code="r">Willa Cather --</marc:subfield><marc:subfield code="t">The shadowy third /</marc:subfield><marc:subfield code="r">Ellen Glasgow --</marc:subfield><marc:subfield code="t">Absolute evil /</marc:subfield><marc:subfield code="r">Julian Hawthorne --</marc:subfield><marc:subfield code="t">Unseen-unfeared /</marc:subfield><marc:subfield code="r">Francis Stevens --</marc:subfield><marc:subfield code="t">The curious case of Benjamin Button /</marc:subfield><marc:subfield code="r">F. Scott Fitzgerald --</marc:subfield><marc:subfield code="t">The curse of Everard Maundy /</marc:subfield><marc:subfield code="r">Seabury Quinn --</marc:subfield><marc:subfield code="t">The king of the cats /</marc:subfield><marc:subfield code="r">Stephen Vincent Benét --</marc:subfield><marc:subfield code="t">The jelly-fish /</marc:subfield><marc:subfield code="r">David H. Keller --</marc:subfield><marc:subfield code="t">Mr. Arcularis /</marc:subfield><marc:subfield code="r">Conrad Aiken --</marc:subfield><marc:subfield code="t">The black stone /</marc:subfield><marc:subfield code="r">Robert E. Howard --</marc:subfield><marc:subfield code="t">Passing of a god /</marc:subfield><marc:subfield code="r">Henry S. Whitehead --</marc:subfield><marc:subfield code="t">The panelled room /</marc:subfield><marc:subfield code="r">August Derleth --</marc:subfield><marc:subfield code="t">The thing on the doorstep /</marc:subfield><marc:subfield code="r">H.P. Lovecraft --</marc:subfield><marc:subfield code="t">Genius Loci /</marc:subfield><marc:subfield code="r">Clark Ashton Smith --</marc:subfield><marc:subfield code="t">The cloak /</marc:subfield><marc:subfield code="r">Robert Bloch.</marc:subfield></marc:datafield><marc:datafield tag="505" ind1="8" ind2="0"><marc:subfield code="g">[v. 2.] From the 1940s to now.</marc:subfield><marc:subfield code="t">Evening primrose /</marc:subfield><marc:subfield code="r">John Collier --</marc:subfield><marc:subfield code="t">Smoke ghost /</marc:subfield><marc:subfield code="r">Fritz Leiber --</marc:subfield><marc:subfield code="t">The mysteries of the Joy Rio /</marc:subfield><marc:subfield code="r">Tennessee Williams --</marc:subfield><marc:subfield code="t">The refugee /</marc:subfield><marc:subfield code="r">Jane Rice --</marc:subfield><marc:subfield code="t">Mr. Lupescu /</marc:subfield><marc:subfield code="r">Anthony Boucher --</marc:subfield><marc:subfield code="t">Miriam /</marc:subfield><marc:subfield code="r">Truman Capote --</marc:subfield><marc:subfield code="t">Midnight /</marc:subfield><marc:subfield code="r">Jack Snow --</marc:subfield><marc:subfield code="t">Torch Song /</marc:subfield><marc:subfield code="r">John Cheever --</marc:subfield><marc:subfield code="t">The daemon lover /</marc:subfield><marc:subfield code="r">Shirley Jackson --</marc:subfield><marc:subfield code="t">The circular valley /</marc:subfield><marc:subfield code="r">Paul Bowles --</marc:subfield><marc:subfield code="t">I'm scared /</marc:subfield><marc:subfield code="r">Jack Finney --</marc:subfield><marc:subfield code="t">The Vane sisters /</marc:subfield><marc:subfield code="r">Vladimir Nabokov --</marc:subfield><marc:subfield code="t">The April witch /</marc:subfield><marc:subfield code="r">Ray Bradbury --</marc:subfield><marc:subfield code="t">Black country /</marc:subfield><marc:subfield code="r">Charles Beaumont --</marc:subfield><marc:subfield code="t">Trace /</marc:subfield><marc:subfield code="r">Jerome Bixby --</marc:subfield><marc:subfield code="t">Where the woodbine twineth /</marc:subfield><marc:subfield code="r">Davis Grubb --</marc:subfield><marc:subfield code="t">Nightmare /</marc:subfield><marc:subfield code="r">Donald Wandrei --</marc:subfield><marc:subfield code="t">I have no mouth, and I must scream /</marc:subfield><marc:subfield code="r">Harlan Ellison --</marc:subfield><marc:subfield code="t">Prey /</marc:subfield><marc:subfield code="r">Richard Matheson --</marc:subfield><marc:subfield code="t">The events at Poroth Farm /</marc:subfield><marc:subfield code="r">T.E.D. Klein --</marc:subfield><marc:subfield code="t">Hanka /</marc:subfield><marc:subfield code="r">Isaac Bashevis Singer --</marc:subfield><marc:subfield code="t">Linnaeus forgets /</marc:subfield><marc:subfield code="r">Fred Chappell --</marc:subfield><marc:subfield code="t">Novelty /</marc:subfield><marc:subfield code="r">John Crowley --</marc:subfield><marc:subfield code="t">Mr. Fiddlehead /</marc:subfield><marc:subfield code="r">Jonathan Carroll --</marc:subfield><marc:subfield code="t">Family /</marc:subfield><marc:subfield code="r">Joyce Carol Oates --</marc:subfield><marc:subfield code="t">The last feast of Harlequin /</marc:subfield><marc:subfield code="r">Thomas Ligotti --A short guide to the city /</marc:subfield><marc:subfield code="r">Peter Straub --</marc:subfield><marc:subfield code="t">The general who is dead /</marc:subfield><marc:subfield code="r">Jeff VanderMeer --That feeling, you can only say what it is in French /</marc:subfield><marc:subfield code="r">Stephen King --</marc:subfield><marc:subfield code="t">Sea Oak /</marc:subfield><marc:subfield code="r">George Saunders --</marc:subfield><marc:subfield code="t">The long hall on the top floor /</marc:subfield><marc:subfield code="r">Caitlin Kiernan --</marc:subfield><marc:subfield code="t">Nocturne /</marc:subfield><marc:subfield code="r">Thomas Tessier --</marc:subfield><marc:subfield code="t">The God of Dark Laughter /</marc:subfield><marc:subfield code="r">Michael Chabon --</marc:subfield><marc:subfield code="t">Pop art /</marc:subfield><marc:subfield code="r">Joe Hill --</marc:subfield><marc:subfield code="t">Pansu /</marc:subfield><marc:subfield code="r">Poppy Z. Brite --</marc:subfield><marc:subfield code="t">Dangerous laughter /</marc:subfield><marc:subfield code="r">Steven Millhauser --</marc:subfield><marc:subfield code="t">The chambered fruit /</marc:subfield><marc:subfield code="r">M. Rickert --</marc:subfield><marc:subfield code="t">The wavering knife /</marc:subfield><marc:subfield code="r">Brian Evenson --</marc:subfield><marc:subfield code="t">Stone animals /</marc:subfield><marc:subfield code="r">Kelly Link --</marc:subfield><marc:subfield code="t">Pat Moore /</marc:subfield><marc:subfield code="r">Tim Powers --</marc:subfield><marc:subfield code="t">The little stranger /</marc:subfield><marc:subfield code="r">Gene Wolfe --</marc:subfield><marc:subfield code="t">Dial tone /</marc:subfield><marc:subfield code="r">Benjamin Percy.</marc:subfield></marc:datafield><marc:datafield tag="546" ind1=" " ind2=" "><marc:subfield code="a">Translations into French of poems in Tuareg dialect of Berber, with commentaries in French.</marc:subfield></marc:datafield><marc:datafield tag="650" ind1=" " ind2="0"><marc:subfield code="a">Fantasy fiction, American.</marc:subfield><marc:subfield code="0">http://id.loc.gov/authorities/subjects/sh85047117</marc:subfield></marc:datafield><marc:datafield tag="650" ind1=" " ind2="0"><marc:subfield code="a">Horror tales, American.</marc:subfield><marc:subfield code="0">http://id.loc.gov/authorities/subjects/sh85062085</marc:subfield></marc:datafield><marc:datafield tag="650" ind1=" " ind2="0"><marc:subfield code="a">Gothic fiction (Literary genre), American.</marc:subfield><marc:subfield code="0">http://id.loc.gov/authorities/subjects/sh2008020267</marc:subfield></marc:datafield><marc:datafield tag="655" ind1=" " ind2="7"><marc:subfield code="a">Fiction.</marc:subfield><marc:subfield code="2">lcgft</marc:subfield><marc:subfield code="0">http://id.loc.gov/authorities/genreForms/gf2014026339</marc:subfield></marc:datafield><marc:datafield tag="700" ind1="1" ind2=" "><marc:subfield code="a">Straub, Peter,</marc:subfield><marc:subfield code="d">1943-2022.</marc:subfield><marc:subfield code="0">http://id.loc.gov/authorities/names/n79004066</marc:subfield></marc:datafield><marc:datafield tag="830" ind1=" " ind2="0"><marc:subfield code="a">Library of America ;</marc:subfield><marc:subfield code="v">196-197.</marc:subfield></marc:datafield><marc:datafield tag="902" ind1=" " ind2=" "><marc:subfield code="a">jar</marc:subfield><marc:subfield code="b">m</marc:subfield><marc:subfield code="6">a</marc:subfield><marc:subfield code="7">m</marc:subfield><marc:subfield code="d">v</marc:subfield><marc:subfield code="f">1</marc:subfield><marc:subfield code="e">20100421</marc:subfield></marc:datafield><marc:datafield tag="904" ind1=" " ind2=" "><marc:subfield code="a">myt</marc:subfield><marc:subfield code="b">m</marc:subfield><marc:subfield code="h">m</marc:subfield><marc:subfield code="c">b</marc:subfield><marc:subfield code="e">20091112</marc:subfield></marc:datafield><marc:datafield tag="914" ind1=" " ind2=" "><marc:subfield code="a">(OCoLC)ocn449192200</marc:subfield><marc:subfield code="b">OCoLC</marc:subfield><marc:subfield code="c">match</marc:subfield><marc:subfield code="d">20240717</marc:subfield><marc:subfield code="e">processed</marc:subfield><marc:subfield code="f">449192200</marc:subfield></marc:datafield></marc:record>