
<marc:record><marc:leader>03582cam a22003494a 4500</marc:leader>
<marc:controlfield tag="001">9960070793506421</marc:controlfield>
<marc:controlfield tag="005">20240509050523.0</marc:controlfield><marc:controlfield tag="008">091209s2009    enka     b    001 0 eng  </marc:controlfield><marc:datafield tag="010" ind1=" " ind2=" "><marc:subfield code="a">  2009043522</marc:subfield></marc:datafield><marc:datafield tag="020" ind1=" " ind2=" "><marc:subfield code="a">9780230219489 (hbk.)</marc:subfield></marc:datafield><marc:datafield tag="020" ind1=" " ind2=" "><marc:subfield code="a">0230219489 (hbk.)</marc:subfield></marc:datafield><marc:datafield tag="035" ind1=" " ind2=" "><marc:subfield code="a">(UkOxBHB)L8830082</marc:subfield></marc:datafield><marc:datafield tag="035" ind1=" " ind2=" "><marc:subfield code="a">(NjP)6007079-princetondb</marc:subfield></marc:datafield><marc:datafield tag="035" ind1=" " ind2=" "><marc:subfield code="z">(NjP)Voyager6007079</marc:subfield></marc:datafield><marc:datafield tag="035" ind1=" " ind2=" "><marc:subfield code="a">(OCoLC)ocn457772168</marc:subfield></marc:datafield><marc:datafield tag="040" ind1=" " ind2=" "><marc:subfield code="a">DLC</marc:subfield><marc:subfield code="b">eng</marc:subfield><marc:subfield code="c">DLC</marc:subfield><marc:subfield code="d">YDX</marc:subfield><marc:subfield code="d">SINIE</marc:subfield><marc:subfield code="d">NjP</marc:subfield></marc:datafield><marc:datafield tag="050" ind1="0" ind2="0"><marc:subfield code="a">P118.2</marc:subfield><marc:subfield code="b">.L57 2009</marc:subfield></marc:datafield><marc:datafield tag="100" ind1="1" ind2=" "><marc:subfield code="a">Littlemore, Jeannette.</marc:subfield><marc:subfield code="0">http://id.loc.gov/authorities/names/n2005026778</marc:subfield></marc:datafield><marc:datafield tag="245" ind1="1" ind2="0"><marc:subfield code="a">Applying cognitive linguistics to second language learning and teaching /</marc:subfield><marc:subfield code="c">Jeannette Littlemore.</marc:subfield></marc:datafield><marc:datafield tag="260" ind1=" " ind2=" "><marc:subfield code="a">Houndmills, Basingstoke, Hampshire ;</marc:subfield><marc:subfield code="a">New York :</marc:subfield><marc:subfield code="b">Palgrave Macmillan,</marc:subfield><marc:subfield code="c">2009.</marc:subfield></marc:datafield><marc:datafield tag="300" ind1=" " ind2=" "><marc:subfield code="a">xii, 212 p. :</marc:subfield><marc:subfield code="b">ill. ;</marc:subfield><marc:subfield code="c">23 cm.</marc:subfield></marc:datafield><marc:datafield tag="504" ind1=" " ind2=" "><marc:subfield code="a">Includes bibliographical references and index.</marc:subfield></marc:datafield><marc:datafield tag="520" ind1=" " ind2=" "><marc:subfield code="a">&quot;Cognitive linguistics is a relatively new discipline which is rapidly becoming mainstream and influential, particularly in the area of second language teaching. This book looks at how cognitive linguistics can inform our teaching, and lead to intriguing suggestions for alternative ways of presenting grammar and vocabulary in the language classroom&quot;--Provided by publisher.</marc:subfield></marc:datafield><marc:datafield tag="505" ind1="8" ind2=" "><marc:subfield code="a">Machine generated contents note: List of Tables and Figures * Acknowledgements * Introduction * I see less of the surroundings. The story feels different. Construal and Second Language Learning * More on Categories: Words, Morphemes, Parts of Speech, Grammar rules and Phonological Features as Radial Categories * More about Spinsters and their Cats * Encyclopaedic Knowledge and Second Language Learning * Eyebrow heads and yummy mummies Metaphor and Second Language Learning * Jane Austens on the ground floor or is she? Metonymy and Second Language Learning * What Have Bees, Macaque Monkeys and Humans got in Common? Embodied Cognition, Gesture and Second Language Learning * Loud suits and sharp cheese Motivated language and Second Language Learning * Brian sent Antarctica a walrus Construction Grammars and Second Language Learning * Conclusion * Index * Endnotes * References List of Tables and Figures * Acknowledgements * Introduction * I see less of the surroundings. The story feels different. Construal and Second Language Learning * More on Categories: Words, Morphemes, Parts of Speech, Grammar rules and Phonological Features as Radial Categories * More about Spinsters and their Cats * Encyclopaedic Knowledge and Second Language Learning * Eyebrow heads and yummy mummies Metaphor and Second Language Learning * Jane Austens on the ground floor or is she? Metonymy and Second Language Learning * What Have Bees, Macaque Monkeys and Humans got in Common? Embodied Cognition, Gesture and Second Language Learning * Loud suits and sharp cheese Motivated language and Second Language Learning * Brian sent Antarctica a walrus Construction Grammars and Second Language Learning * Conclusion * Index * Endnotes * References .</marc:subfield></marc:datafield><marc:datafield tag="546" ind1=" " ind2=" "><marc:subfield code="a">Tomo 2 is mostly in Spanish and yxyro houlo (a dialect of the Chamacoco language) on facing pages.</marc:subfield></marc:datafield><marc:datafield tag="650" ind1=" " ind2="0"><marc:subfield code="a">Second language acquisition</marc:subfield><marc:subfield code="x">Study and teaching.</marc:subfield></marc:datafield><marc:datafield tag="650" ind1=" " ind2="0"><marc:subfield code="a">Cognitive grammar.</marc:subfield><marc:subfield code="0">http://id.loc.gov/authorities/subjects/sh86004349</marc:subfield></marc:datafield><marc:datafield tag="650" ind1=" " ind2="0"><marc:subfield code="a">Language and languages</marc:subfield><marc:subfield code="x">Study and teaching.</marc:subfield><marc:subfield code="0">http://id.loc.gov/authorities/subjects/sh85074536</marc:subfield></marc:datafield><marc:datafield tag="902" ind1=" " ind2=" "><marc:subfield code="a">dws</marc:subfield><marc:subfield code="b">l</marc:subfield><marc:subfield code="6">a</marc:subfield><marc:subfield code="7">m</marc:subfield><marc:subfield code="d">v</marc:subfield><marc:subfield code="f">1</marc:subfield><marc:subfield code="e">20100104</marc:subfield></marc:datafield><marc:datafield tag="904" ind1=" " ind2=" "><marc:subfield code="a">dws</marc:subfield><marc:subfield code="b">a</marc:subfield><marc:subfield code="h">m</marc:subfield><marc:subfield code="c">b</marc:subfield><marc:subfield code="e">20100104</marc:subfield></marc:datafield><marc:datafield tag="914" ind1=" " ind2=" "><marc:subfield code="a">(OCoLC)ocn457772168</marc:subfield><marc:subfield code="b">OCoLC</marc:subfield><marc:subfield code="c">match</marc:subfield><marc:subfield code="d">20240508</marc:subfield><marc:subfield code="e">processed</marc:subfield><marc:subfield code="f">457772168</marc:subfield></marc:datafield><marc:datafield tag="999" ind1=" " ind2=" "><marc:subfield code="a">6007079</marc:subfield></marc:datafield></marc:record>