
<marc:record><marc:leader>01615cam a2200385Ia 4500</marc:leader>
<marc:controlfield tag="001">9960225033506421</marc:controlfield>
<marc:controlfield tag="005">20240509050714.0</marc:controlfield><marc:controlfield tag="008">091226s2009    miu           000 1 eng d</marc:controlfield><marc:datafield tag="020" ind1=" " ind2=" "><marc:subfield code="a">9780976717782 (pbk.)</marc:subfield></marc:datafield><marc:datafield tag="020" ind1=" " ind2=" "><marc:subfield code="a">0976717786 (pbk.)</marc:subfield></marc:datafield><marc:datafield tag="035" ind1=" " ind2=" "><marc:subfield code="a">(OrLoB)R9819610</marc:subfield></marc:datafield><marc:datafield tag="035" ind1=" " ind2=" "><marc:subfield code="a">(NjP)6022503-princetondb</marc:subfield></marc:datafield><marc:datafield tag="035" ind1=" " ind2=" "><marc:subfield code="z">(NjP)Voyager6022503</marc:subfield></marc:datafield><marc:datafield tag="035" ind1=" " ind2=" "><marc:subfield code="a">(OCoLC)ocn318876942</marc:subfield></marc:datafield><marc:datafield tag="040" ind1=" " ind2=" "><marc:subfield code="a">BTCTA</marc:subfield><marc:subfield code="b">eng</marc:subfield><marc:subfield code="c">BTCTA</marc:subfield><marc:subfield code="d">CPL</marc:subfield><marc:subfield code="d">BWX</marc:subfield><marc:subfield code="d">YDXCP</marc:subfield><marc:subfield code="d">VP@</marc:subfield></marc:datafield><marc:datafield tag="043" ind1=" " ind2=" "><marc:subfield code="a">n-us-ny</marc:subfield></marc:datafield><marc:datafield tag="050" ind1=" " ind2="4"><marc:subfield code="a">PS3611.E87</marc:subfield><marc:subfield code="b">I76 2009</marc:subfield></marc:datafield><marc:datafield tag="082" ind1=" " ind2=" "><marc:subfield code="a">810</marc:subfield></marc:datafield><marc:datafield tag="100" ind1="1" ind2=" "><marc:subfield code="a">Kestin, Hesh.</marc:subfield><marc:subfield code="0">http://id.loc.gov/authorities/names/n92005189</marc:subfield></marc:datafield><marc:datafield tag="245" ind1="1" ind2="4"><marc:subfield code="a">The iron will of Shoeshine Cats :</marc:subfield><marc:subfield code="b">a novel /</marc:subfield><marc:subfield code="c">by Hesh Kestin.</marc:subfield></marc:datafield><marc:datafield tag="250" ind1=" " ind2=" "><marc:subfield code="a">1st. ed.</marc:subfield></marc:datafield><marc:datafield tag="260" ind1=" " ind2=" "><marc:subfield code="a">Westland, MI :</marc:subfield><marc:subfield code="b">Dzanc Books,</marc:subfield><marc:subfield code="c">2009.</marc:subfield></marc:datafield><marc:datafield tag="300" ind1=" " ind2=" "><marc:subfield code="a">372 p. ;</marc:subfield><marc:subfield code="c">22 cm.</marc:subfield></marc:datafield><marc:datafield tag="546" ind1=" " ind2=" "><marc:subfield code="a">Texts of the hymns in French, translated from the original Georgian. Introductions and commentary in French.</marc:subfield></marc:datafield><marc:datafield tag="650" ind1=" " ind2="0"><marc:subfield code="a">Young men</marc:subfield><marc:subfield code="z">New York (State)</marc:subfield><marc:subfield code="z">New York</marc:subfield><marc:subfield code="v">Fiction.</marc:subfield></marc:datafield><marc:datafield tag="650" ind1=" " ind2="0"><marc:subfield code="a">Jewish criminals</marc:subfield><marc:subfield code="z">New York (State)</marc:subfield><marc:subfield code="z">New York</marc:subfield><marc:subfield code="v">Fiction.</marc:subfield></marc:datafield><marc:datafield tag="650" ind1=" " ind2="0"><marc:subfield code="a">Gangsters</marc:subfield><marc:subfield code="z">New York (State)</marc:subfield><marc:subfield code="z">New York</marc:subfield><marc:subfield code="v">Fiction.</marc:subfield></marc:datafield><marc:datafield tag="650" ind1=" " ind2="0"><marc:subfield code="a">Organized crime</marc:subfield><marc:subfield code="z">New York (State)</marc:subfield><marc:subfield code="z">New York</marc:subfield><marc:subfield code="v">Fiction.</marc:subfield></marc:datafield><marc:datafield tag="650" ind1=" " ind2="0"><marc:subfield code="a">Nineteen sixties</marc:subfield><marc:subfield code="v">Fiction.</marc:subfield><marc:subfield code="0">http://id.loc.gov/authorities/subjects/sh2010103752</marc:subfield></marc:datafield><marc:datafield tag="651" ind1=" " ind2="0"><marc:subfield code="a">New York (N.Y.)</marc:subfield><marc:subfield code="v">Fiction.</marc:subfield><marc:subfield code="0">http://id.loc.gov/authorities/subjects/sh2008108377</marc:subfield></marc:datafield><marc:datafield tag="655" ind1=" " ind2="7"><marc:subfield code="a">Fiction.</marc:subfield><marc:subfield code="2">lcgft</marc:subfield><marc:subfield code="0">http://id.loc.gov/authorities/genreForms/gf2014026339</marc:subfield></marc:datafield><marc:datafield tag="902" ind1=" " ind2=" "><marc:subfield code="a">rb</marc:subfield><marc:subfield code="b">m</marc:subfield><marc:subfield code="6">a</marc:subfield><marc:subfield code="7">m</marc:subfield><marc:subfield code="d">v</marc:subfield><marc:subfield code="f">1</marc:subfield><marc:subfield code="e">20100122</marc:subfield></marc:datafield><marc:datafield tag="904" ind1=" " ind2=" "><marc:subfield code="a">rp</marc:subfield><marc:subfield code="b">a</marc:subfield><marc:subfield code="h">m</marc:subfield><marc:subfield code="c">b</marc:subfield><marc:subfield code="e">20100121</marc:subfield></marc:datafield><marc:datafield tag="914" ind1=" " ind2=" "><marc:subfield code="a">(OCoLC)ocn318876942</marc:subfield><marc:subfield code="b">OCoLC</marc:subfield><marc:subfield code="c">match</marc:subfield><marc:subfield code="d">20240508</marc:subfield><marc:subfield code="e">processed</marc:subfield><marc:subfield code="f">318876942</marc:subfield></marc:datafield><marc:datafield tag="999" ind1=" " ind2=" "><marc:subfield code="a">6022503</marc:subfield></marc:datafield></marc:record>