
<marc:record><marc:leader>03848cam a22003494a 4500</marc:leader>
<marc:controlfield tag="001">9960423433506421</marc:controlfield>
<marc:controlfield tag="005">20240509051045.0</marc:controlfield><marc:controlfield tag="008">090811s2009    nyub     b    001 0 eng  </marc:controlfield><marc:datafield tag="010" ind1=" " ind2=" "><marc:subfield code="a">  2009032989</marc:subfield></marc:datafield><marc:datafield tag="020" ind1=" " ind2=" "><marc:subfield code="a">9780805078268 :</marc:subfield><marc:subfield code="c">$28.50</marc:subfield></marc:datafield><marc:datafield tag="020" ind1=" " ind2=" "><marc:subfield code="a">0805078266</marc:subfield></marc:datafield><marc:datafield tag="035" ind1=" " ind2=" "><marc:subfield code="a">(NjP)6042343-princetondb</marc:subfield></marc:datafield><marc:datafield tag="035" ind1=" " ind2=" "><marc:subfield code="z">(NjP)Voyager6042343</marc:subfield></marc:datafield><marc:datafield tag="035" ind1=" " ind2=" "><marc:subfield code="a">(OCoLC)ocn317928893</marc:subfield></marc:datafield><marc:datafield tag="040" ind1=" " ind2=" "><marc:subfield code="a">DLC</marc:subfield><marc:subfield code="b">eng</marc:subfield><marc:subfield code="c">DLC</marc:subfield><marc:subfield code="d">BTCTA</marc:subfield><marc:subfield code="d">UPZ</marc:subfield><marc:subfield code="d">C#P</marc:subfield><marc:subfield code="d">IA4</marc:subfield><marc:subfield code="d">YDXCP</marc:subfield><marc:subfield code="d">ZJI</marc:subfield><marc:subfield code="d">BWX</marc:subfield><marc:subfield code="d">CDX</marc:subfield><marc:subfield code="d">ABG</marc:subfield></marc:datafield><marc:datafield tag="050" ind1="0" ind2="0"><marc:subfield code="a">QH75</marc:subfield><marc:subfield code="b">.F738 2009</marc:subfield></marc:datafield><marc:datafield tag="082" ind1="0" ind2="0"><marc:subfield code="a">333.95/16</marc:subfield><marc:subfield code="2">22</marc:subfield></marc:datafield><marc:datafield tag="100" ind1="1" ind2=" "><marc:subfield code="a">Fraser, Caroline.</marc:subfield><marc:subfield code="0">http://id.loc.gov/authorities/names/n99007595</marc:subfield></marc:datafield><marc:datafield tag="245" ind1="1" ind2="0"><marc:subfield code="a">Rewilding the world :</marc:subfield><marc:subfield code="b">dispatches from the conservation revolution /</marc:subfield><marc:subfield code="c">Caroline Fraser.</marc:subfield></marc:datafield><marc:datafield tag="250" ind1=" " ind2=" "><marc:subfield code="a">1st ed.</marc:subfield></marc:datafield><marc:datafield tag="260" ind1=" " ind2=" "><marc:subfield code="a">New York, N.Y. :</marc:subfield><marc:subfield code="b">Metropolitan Books,</marc:subfield><marc:subfield code="c">2009.</marc:subfield></marc:datafield><marc:datafield tag="300" ind1=" " ind2=" "><marc:subfield code="a">xii, 400 p. :</marc:subfield><marc:subfield code="b">maps ;</marc:subfield><marc:subfield code="c">25 cm.</marc:subfield></marc:datafield><marc:datafield tag="504" ind1=" " ind2=" "><marc:subfield code="a">Includes bibliographical references (p. [355]-377) and index.</marc:subfield></marc:datafield><marc:datafield tag="505" ind1="0" ind2=" "><marc:subfield code="a">The Predicta Moth -- Pt. 1: Cores, corridors, and carnivores. Rewilding North America: Pluie -- The trouble with islands -- Rewilding in the real world -- &quot;A corridor in people's minds&quot; -- The problem with predators: The green fire -- &quot;Buy more cats&quot; -- Corridors in Central and South America: Categories for concern -- The path of the panther -- Fragments of Brazil -- Reconnecting in the Old World: The European green belt -- A problem bear -- The rebirth of the Neusiedler See -- Reclaiming Romania -- The accidental corridor -- Pt. 2: An African without fences. Peace parks and paper parks: Corridors with leverage -- From penitent butchers to paper parks -- &quot;An Africa without fences&quot; -- The great Limpopo: The elephant problem -- The people problem -- The Giriyondo Gate -- The view from Cape Town -- The Lumbombo transfrontier: Tembe -- Breakthrough at Ndumo -- Looking for KAZA: &quot;It looks great on paper&quot; -- Night shift to Namibia -- The demon croc -- &quot;The elephants are going home&quot; -- Pt. 3: Community conservation: &quot;very tricky.&quot; The conservancy moment: Namibia's experiment -- Kenya and &quot;the government's cattle&quot; -- The cattle ranch that became a conservancy -- In the northern rangelands -- Drought -- The tiger moving game: Royal rhinos and community forests -- The people's war -- Goats, guns, people -- Looking for tigers at Tiger Tops -- The cautionary tale of Corcovado -- Pt. 4: SUstainable conservation. Resurrection ecology: From Curtis Prairie to fresh kills -- Trade-offs -- Shifting baselines and Pleistocene rewilding -- Costa Rica's thousand-year vision: Large-scale and long-term -- The parataxonomists -- Regrowing Australia: Extreme extinction -- A million acres a year -- The puzzle -- Living in the link -- Conclusion: Only connect.</marc:subfield></marc:datafield><marc:datafield tag="520" ind1=" " ind2=" "><marc:subfield code="a">Fraser offers the first definitive account about rewilding--a visionary campaign to confront the looming extinction of thousands of species by restoring habitats, reviving migration corridors, and brokering peace between people and predators. Traveling with wildlife biologists and conservationists, Fraser reports on the vast projects that are turning Europe's former Iron Curtain into a greenbelt, creating trans-frontier Peace Parks to renew elephant routes throughout Africa, and linking protected areas from the Yukon to Mexico and beyond.</marc:subfield></marc:datafield><marc:datafield tag="546" ind1=" " ind2=" "><marc:subfield code="a">Translated from Arabic into Ottoman Turkish by Ḳāsım b. Seydî el-Ḥāfıẓ Anḳarî (in Roman scripts). Introduction in Modern Turkish with an abstract in English.</marc:subfield></marc:datafield><marc:datafield tag="650" ind1=" " ind2="0"><marc:subfield code="a">Biodiversity conservation.</marc:subfield><marc:subfield code="0">http://id.loc.gov/authorities/subjects/sh87005570</marc:subfield></marc:datafield><marc:datafield tag="650" ind1=" " ind2="0"><marc:subfield code="a">Endangered species.</marc:subfield><marc:subfield code="0">http://id.loc.gov/authorities/subjects/sh85043044</marc:subfield></marc:datafield><marc:datafield tag="650" ind1=" " ind2="0"><marc:subfield code="a">Restoration ecology.</marc:subfield><marc:subfield code="0">http://id.loc.gov/authorities/subjects/sh87004578</marc:subfield></marc:datafield><marc:datafield tag="902" ind1=" " ind2=" "><marc:subfield code="a">sla</marc:subfield><marc:subfield code="b">l</marc:subfield><marc:subfield code="6">a</marc:subfield><marc:subfield code="7">m</marc:subfield><marc:subfield code="d">v</marc:subfield><marc:subfield code="f">1</marc:subfield><marc:subfield code="e">20100305</marc:subfield></marc:datafield><marc:datafield tag="904" ind1=" " ind2=" "><marc:subfield code="a">cjf</marc:subfield><marc:subfield code="b">o</marc:subfield><marc:subfield code="h">m</marc:subfield><marc:subfield code="c">b</marc:subfield><marc:subfield code="e">20100128</marc:subfield></marc:datafield><marc:datafield tag="914" ind1=" " ind2=" "><marc:subfield code="a">(OCoLC)ocn317928893</marc:subfield><marc:subfield code="b">OCoLC</marc:subfield><marc:subfield code="c">match</marc:subfield><marc:subfield code="d">20240508</marc:subfield><marc:subfield code="e">processed</marc:subfield><marc:subfield code="f">317928893</marc:subfield></marc:datafield></marc:record>