
<marc:record><marc:leader>02770cam a2200553Ia 4500</marc:leader>
<marc:controlfield tag="001">9960854313506421</marc:controlfield>
<marc:controlfield tag="005">20240328043333.0</marc:controlfield><marc:controlfield tag="006">g084            mn</marc:controlfield><marc:controlfield tag="007">vd cvaizu</marc:controlfield><marc:controlfield tag="008">100106s2008    njua   j      000 1 eng d</marc:controlfield><marc:datafield tag="010" ind1=" " ind2=" "><marc:subfield code="a">  2008902451</marc:subfield></marc:datafield><marc:datafield tag="020" ind1=" " ind2=" "><marc:subfield code="a">9780981655000</marc:subfield></marc:datafield><marc:datafield tag="020" ind1=" " ind2=" "><marc:subfield code="a">0981655009</marc:subfield></marc:datafield><marc:datafield tag="035" ind1=" " ind2=" "><marc:subfield code="a">(NjP)6085431-princetondb</marc:subfield></marc:datafield><marc:datafield tag="035" ind1=" " ind2=" "><marc:subfield code="z">(NjP)Voyager6085431</marc:subfield></marc:datafield><marc:datafield tag="035" ind1=" " ind2=" "><marc:subfield code="z">(NjP)Voyager6085431</marc:subfield></marc:datafield><marc:datafield tag="035" ind1=" " ind2=" "><marc:subfield code="a">(OCoLC)ocn496009407</marc:subfield></marc:datafield><marc:datafield tag="040" ind1=" " ind2=" "><marc:subfield code="a">IKG</marc:subfield><marc:subfield code="b">eng</marc:subfield><marc:subfield code="c">IKG</marc:subfield><marc:subfield code="d">MUS</marc:subfield><marc:subfield code="d">FUG</marc:subfield></marc:datafield><marc:datafield tag="049" ind1=" " ind2=" "><marc:subfield code="a">PULL</marc:subfield></marc:datafield><marc:datafield tag="090" ind1=" " ind2=" "><marc:subfield code="a">PZ7.B648497</marc:subfield><marc:subfield code="b">Kun 2008</marc:subfield></marc:datafield><marc:datafield tag="100" ind1="1" ind2=" "><marc:subfield code="a">Bortz, Lauri.</marc:subfield><marc:subfield code="0">http://id.loc.gov/authorities/names/n2002024297</marc:subfield></marc:datafield><marc:datafield tag="245" ind1="1" ind2="0"><marc:subfield code="a">Kung fu kitty /</marc:subfield><marc:subfield code="c">written by Lauri Bortz ; illustrated by Marianne Nowottny.</marc:subfield></marc:datafield><marc:datafield tag="260" ind1=" " ind2=" "><marc:subfield code="a">Jersey City, N.J. :</marc:subfield><marc:subfield code="b">Abaton Book Company,</marc:subfield><marc:subfield code="c">c2008.</marc:subfield></marc:datafield><marc:datafield tag="300" ind1=" " ind2=" "><marc:subfield code="a">106 p. :</marc:subfield><marc:subfield code="b">ill. ;</marc:subfield><marc:subfield code="c">14 cm. +</marc:subfield><marc:subfield code="e">1 DVD (4 3/4 in.) and 1 poster (43 x 28 cm).</marc:subfield></marc:datafield><marc:datafield tag="500" ind1=" " ind2=" "><marc:subfield code="a">Videography, lighting, sound engineering by Mark Dagley ; set design and contruction by Stirling Krusing ; painted backdrops, set coloration, illustrations, music composed and performed by Marianne Nowottny ; Set dressing and costumes by Lauri Bortz ; trailer ending by James Pruznick ; Produced by Lauri Pruznick</marc:subfield></marc:datafield><marc:datafield tag="520" ind1=" " ind2=" "><marc:subfield code="a">A retelling of Exodus, featuring Chinese characters, depicts the freeing of Cats from the yoke of Monkey oppression.</marc:subfield></marc:datafield><marc:datafield tag="546" ind1=" " ind2=" "><marc:subfield code="a">Translated from Du (German translation) by Shaun Whiteside.</marc:subfield></marc:datafield><marc:datafield tag="650" ind1=" " ind2="0"><marc:subfield code="a">Cats</marc:subfield><marc:subfield code="v">Juvenile fiction.</marc:subfield><marc:subfield code="0">http://id.loc.gov/authorities/subjects/sh2008100224</marc:subfield></marc:datafield><marc:datafield tag="650" ind1=" " ind2="0"><marc:subfield code="a">Animals</marc:subfield><marc:subfield code="x">Abnormalities</marc:subfield><marc:subfield code="v">Juvenile fiction.</marc:subfield></marc:datafield><marc:datafield tag="650" ind1=" " ind2="0"><marc:subfield code="a">Families</marc:subfield><marc:subfield code="v">Juvenile fiction.</marc:subfield><marc:subfield code="0">http://id.loc.gov/authorities/subjects/sh2008103523</marc:subfield></marc:datafield><marc:datafield tag="650" ind1=" " ind2="0"><marc:subfield code="a">Fate and fatalism</marc:subfield><marc:subfield code="v">Juvenile fiction.</marc:subfield></marc:datafield><marc:datafield tag="650" ind1=" " ind2="0"><marc:subfield code="a">Kung fu</marc:subfield><marc:subfield code="v">Juvenile fiction.</marc:subfield></marc:datafield><marc:datafield tag="650" ind1=" " ind2="0"><marc:subfield code="a">Liberty</marc:subfield><marc:subfield code="v">Juvenile fiction.</marc:subfield></marc:datafield><marc:datafield tag="650" ind1=" " ind2="0"><marc:subfield code="a">Loyalty</marc:subfield><marc:subfield code="v">Juvenile fiction.</marc:subfield></marc:datafield><marc:datafield tag="650" ind1=" " ind2="0"><marc:subfield code="a">Magic</marc:subfield><marc:subfield code="v">Juvenile fiction.</marc:subfield><marc:subfield code="0">http://id.loc.gov/authorities/subjects/sh2008107181</marc:subfield></marc:datafield><marc:datafield tag="650" ind1=" " ind2="0"><marc:subfield code="a">Monkeys</marc:subfield><marc:subfield code="v">Juvenile fiction.</marc:subfield><marc:subfield code="0">http://id.loc.gov/authorities/subjects/sh2008107930</marc:subfield></marc:datafield><marc:datafield tag="650" ind1=" " ind2="0"><marc:subfield code="a">Revolutionaries</marc:subfield><marc:subfield code="v">Juvenile fiction.</marc:subfield></marc:datafield><marc:datafield tag="650" ind1=" " ind2="0"><marc:subfield code="a">Serfdom</marc:subfield><marc:subfield code="v">Juvenile fiction.</marc:subfield></marc:datafield><marc:datafield tag="650" ind1=" " ind2="0"><marc:subfield code="a">Squatter settlements</marc:subfield><marc:subfield code="v">Juvenile fiction.</marc:subfield></marc:datafield><marc:datafield tag="650" ind1=" " ind2="0"><marc:subfield code="a">Cats</marc:subfield><marc:subfield code="v">Fiction.</marc:subfield><marc:subfield code="0">http://id.loc.gov/authorities/subjects/sh2008100164</marc:subfield></marc:datafield><marc:datafield tag="650" ind1=" " ind2="0"><marc:subfield code="a">Kung fu</marc:subfield><marc:subfield code="v">Fiction.</marc:subfield></marc:datafield><marc:datafield tag="655" ind1=" " ind2="7"><marc:subfield code="a">Fiction.</marc:subfield><marc:subfield code="2">lcgft</marc:subfield><marc:subfield code="0">http://id.loc.gov/authorities/genreForms/gf2014026339</marc:subfield></marc:datafield><marc:datafield tag="700" ind1="1" ind2=" "><marc:subfield code="a">Nowottny, Marianne.</marc:subfield><marc:subfield code="4">ill</marc:subfield><marc:subfield code="4">cmp</marc:subfield><marc:subfield code="0">http://id.loc.gov/authorities/names/no2011147299</marc:subfield></marc:datafield><marc:datafield tag="700" ind1="1" ind2=" "><marc:subfield code="a">Dagley, Mark.</marc:subfield><marc:subfield code="4">vdg</marc:subfield><marc:subfield code="4">lgd</marc:subfield><marc:subfield code="4">sds</marc:subfield><marc:subfield code="0">http://id.loc.gov/authorities/names/nr98014183</marc:subfield></marc:datafield><marc:datafield tag="700" ind1="1" ind2=" "><marc:subfield code="a">Krusing, Stirling.</marc:subfield><marc:subfield code="4">std</marc:subfield></marc:datafield><marc:datafield tag="700" ind1="1" ind2=" "><marc:subfield code="a">Pruznick, James.</marc:subfield></marc:datafield><marc:datafield tag="700" ind1="1" ind2=" "><marc:subfield code="a">Pruznick, Lauri.</marc:subfield><marc:subfield code="4">pro</marc:subfield></marc:datafield><marc:datafield tag="914" ind1=" " ind2=" "><marc:subfield code="a">(OCoLC)ocn496009407</marc:subfield><marc:subfield code="b">OCoLC</marc:subfield><marc:subfield code="c">match</marc:subfield><marc:subfield code="d">20240327</marc:subfield><marc:subfield code="e">processed</marc:subfield><marc:subfield code="f">496009407</marc:subfield></marc:datafield><marc:datafield tag="999" ind1=" " ind2=" "><marc:subfield code="a">6085431</marc:subfield></marc:datafield></marc:record>