
<marc:record><marc:leader>02286cam a22003857a 4500</marc:leader>
<marc:controlfield tag="001">9960986013506421</marc:controlfield>
<marc:controlfield tag="005">20240815101533.0</marc:controlfield><marc:controlfield tag="008">100414s2009    ie ab    b    001 0 eng  </marc:controlfield><marc:datafield tag="010" ind1=" " ind2=" "><marc:subfield code="a">  2009675385</marc:subfield></marc:datafield><marc:datafield tag="020" ind1=" " ind2=" "><marc:subfield code="a">9780717146017 (hbk.)</marc:subfield></marc:datafield><marc:datafield tag="020" ind1=" " ind2=" "><marc:subfield code="a">0717146014 (hbk.)</marc:subfield></marc:datafield><marc:datafield tag="035" ind1=" " ind2=" "><marc:subfield code="a">(UkOxBHB)L0833053</marc:subfield></marc:datafield><marc:datafield tag="035" ind1=" " ind2=" "><marc:subfield code="a">(NjP)6098601-princetondb</marc:subfield></marc:datafield><marc:datafield tag="035" ind1=" " ind2=" "><marc:subfield code="a">(OCoLC)ocn437089429</marc:subfield></marc:datafield><marc:datafield tag="035" ind1=" " ind2=" "><marc:subfield code="z">(NjP)Voyager6098601</marc:subfield></marc:datafield><marc:datafield tag="035" ind1=" " ind2=" "><marc:subfield code="z">(NjP)Voyager6098601</marc:subfield></marc:datafield><marc:datafield tag="040" ind1=" " ind2=" "><marc:subfield code="a">UKM</marc:subfield><marc:subfield code="b">eng</marc:subfield><marc:subfield code="c">UKM</marc:subfield><marc:subfield code="d">DLC</marc:subfield><marc:subfield code="d">YDXCP</marc:subfield><marc:subfield code="d">HLS</marc:subfield><marc:subfield code="d">UBY</marc:subfield><marc:subfield code="d">U5D</marc:subfield></marc:datafield><marc:datafield tag="042" ind1=" " ind2=" "><marc:subfield code="a">lccopycat</marc:subfield></marc:datafield><marc:datafield tag="043" ind1=" " ind2=" "><marc:subfield code="a">e-ie---</marc:subfield></marc:datafield><marc:datafield tag="050" ind1="0" ind2="0"><marc:subfield code="a">D763.I73</marc:subfield><marc:subfield code="b">K43 2009</marc:subfield></marc:datafield><marc:datafield tag="082" ind1="0" ind2="4"><marc:subfield code="a">941.8350822</marc:subfield><marc:subfield code="2">22</marc:subfield></marc:datafield><marc:datafield tag="100" ind1="1" ind2=" "><marc:subfield code="a">Kearns, Kevin Corrigan.</marc:subfield><marc:subfield code="0">http://id.loc.gov/authorities/names/n84067696</marc:subfield></marc:datafield><marc:datafield tag="245" ind1="1" ind2="4"><marc:subfield code="a">The bombing of Dublin's North Strand, 1941 :</marc:subfield><marc:subfield code="b">the untold story /</marc:subfield><marc:subfield code="c">Kevin C. Kearns.</marc:subfield></marc:datafield><marc:datafield tag="260" ind1=" " ind2=" "><marc:subfield code="a">Dublin :</marc:subfield><marc:subfield code="b">Gill &amp; Macmillan,</marc:subfield><marc:subfield code="c">c2009.</marc:subfield></marc:datafield><marc:datafield tag="300" ind1=" " ind2=" "><marc:subfield code="a">380 p. :</marc:subfield><marc:subfield code="b">ill., map ;</marc:subfield><marc:subfield code="c">25 cm.</marc:subfield></marc:datafield><marc:datafield tag="504" ind1=" " ind2=" "><marc:subfield code="a">Includes bibliographical references (p. [366]-371) and index.</marc:subfield></marc:datafield><marc:datafield tag="505" ind1="0" ind2=" "><marc:subfield code="a">&quot;Not within an ass's roar&quot; -- A Luftwaffe new year's greeting -- &quot;Suburb of a city on fire&quot; -- Belfast ablaze -- The merry month of May -- A little village unto itself -- Whit weekend -- Fairy lights and &quot;flaming onions&quot; -- &quot;Get up, quick! We're being bombed!&quot; -- &quot;He's coming back!&quot; -- &quot;When death came hurtling from a starlit sky&quot; -- Pandemonium -- Rescuers upon a &quot;hellish scene&quot; -- &quot;The dead and the lucky&quot; -- Dawn and dead cats -- The morning after -- &quot;Street of sorrows&quot; -- Nightfall and suspense -- Whit Sunday aftershock -- Whit Monday: an uneasy respite -- The coroner's verdict -- A muffled peal of bells -- As the hearses passed by -- Friday next -- June: reflections and reactions -- Faith, miracles, and &quot;lost souls&quot; -- Cabra - &quot;the wild and woolly West&quot; -- Theories, mysteries, and myths -- In years thereafter.</marc:subfield></marc:datafield><marc:datafield tag="546" ind1=" " ind2=" "><marc:subfield code="a">Translated from Greek into Latin by Theodorus Gaza.</marc:subfield></marc:datafield><marc:datafield tag="650" ind1=" " ind2="0"><marc:subfield code="a">World War, 1939-1945</marc:subfield><marc:subfield code="z">Ireland</marc:subfield><marc:subfield code="z">Dublin.</marc:subfield></marc:datafield><marc:datafield tag="650" ind1=" " ind2="0"><marc:subfield code="a">World War, 1939-1945</marc:subfield><marc:subfield code="x">Aerial operations, German.</marc:subfield><marc:subfield code="0">http://id.loc.gov/authorities/subjects/sh2008113870</marc:subfield></marc:datafield><marc:datafield tag="651" ind1=" " ind2="0"><marc:subfield code="a">Dublin (Ireland)</marc:subfield><marc:subfield code="x">History</marc:subfield><marc:subfield code="y">20th century.</marc:subfield></marc:datafield><marc:datafield tag="902" ind1=" " ind2=" "><marc:subfield code="a">sdg</marc:subfield><marc:subfield code="b">l</marc:subfield><marc:subfield code="6">a</marc:subfield><marc:subfield code="7">m</marc:subfield><marc:subfield code="d">v</marc:subfield><marc:subfield code="f">1</marc:subfield><marc:subfield code="e">20100525</marc:subfield></marc:datafield><marc:datafield tag="904" ind1=" " ind2=" "><marc:subfield code="a">sdg</marc:subfield><marc:subfield code="b">a</marc:subfield><marc:subfield code="h">m</marc:subfield><marc:subfield code="c">b</marc:subfield><marc:subfield code="e">20100525</marc:subfield></marc:datafield><marc:datafield tag="914" ind1=" " ind2=" "><marc:subfield code="a">(OCoLC)ocn437089429</marc:subfield><marc:subfield code="b">OCoLC</marc:subfield><marc:subfield code="c">match</marc:subfield><marc:subfield code="d">20221117</marc:subfield><marc:subfield code="e">processed</marc:subfield><marc:subfield code="f">437089429</marc:subfield></marc:datafield><marc:datafield tag="999" ind1=" " ind2=" "><marc:subfield code="a">6098601</marc:subfield></marc:datafield></marc:record>