
<marc:record><marc:leader>04184cam a2200397Ia 4500</marc:leader>
<marc:controlfield tag="001">9961061293506421</marc:controlfield>
<marc:controlfield tag="005">20240502052650.0</marc:controlfield><marc:controlfield tag="008">100423s2009    ja            000 1 jpn d</marc:controlfield><marc:datafield tag="020" ind1=" " ind2=" "><marc:subfield code="a">9784103534242 :</marc:subfield><marc:subfield code="c">Y1400</marc:subfield></marc:datafield><marc:datafield tag="020" ind1=" " ind2=" "><marc:subfield code="a">4103534249 :</marc:subfield><marc:subfield code="c">Y1400</marc:subfield></marc:datafield><marc:datafield tag="035" ind1=" " ind2=" "><marc:subfield code="a">(MH)017543644-012106088</marc:subfield></marc:datafield><marc:datafield tag="035" ind1=" " ind2=" "><marc:subfield code="a">(NjP)6106129-princetondb</marc:subfield></marc:datafield><marc:datafield tag="035" ind1=" " ind2=" "><marc:subfield code="z">(NjP)Voyager6106129</marc:subfield></marc:datafield><marc:datafield tag="035" ind1=" " ind2=" "><marc:subfield code="z">(NjP)Voyager6106129</marc:subfield></marc:datafield><marc:datafield tag="035" ind1=" " ind2=" "><marc:subfield code="a">(OCoLC)ocn471400950</marc:subfield></marc:datafield><marc:datafield tag="040" ind1=" " ind2=" "><marc:subfield code="a">TRCLS</marc:subfield><marc:subfield code="b">eng</marc:subfield><marc:subfield code="c">PULEA</marc:subfield></marc:datafield><marc:datafield tag="049" ind1=" " ind2=" "><marc:subfield code="a">MAIN</marc:subfield></marc:datafield><marc:datafield tag="050" ind1=" " ind2="4"><marc:subfield code="a">PL856.U673</marc:subfield><marc:subfield code="b">M45 2009</marc:subfield></marc:datafield><marc:datafield tag="100" ind1="1" ind2=" "><marc:subfield code="6">880-01</marc:subfield><marc:subfield code="a">Murakami, Haruki,</marc:subfield><marc:subfield code="d">1937-</marc:subfield><marc:subfield code="0">http://id.loc.gov/authorities/names/n2005006212</marc:subfield></marc:datafield><marc:datafield tag="880" ind1="1" ind2=" "><marc:subfield code="6">100-01</marc:subfield><marc:subfield code="a">村上春樹,</marc:subfield><marc:subfield code="d">1937-</marc:subfield></marc:datafield><marc:datafield tag="245" ind1="1" ind2="0"><marc:subfield code="6">880-02</marc:subfield><marc:subfield code="a">Mekurayanagi to nemuru onna /</marc:subfield><marc:subfield code="c">Murakami Haruki = Blind willow, sleeping woman / Haruki Murakami.</marc:subfield></marc:datafield><marc:datafield tag="880" ind1="1" ind2="0"><marc:subfield code="6">245-02</marc:subfield><marc:subfield code="a">めくらやなぎと眠る女 /</marc:subfield><marc:subfield code="c">村上春樹 = Blind willow, sleeping woman / Haruki Murakami.</marc:subfield></marc:datafield><marc:datafield tag="246" ind1="3" ind2="1"><marc:subfield code="a">Blind willow, sleeping woman</marc:subfield></marc:datafield><marc:datafield tag="260" ind1=" " ind2=" "><marc:subfield code="6">880-03</marc:subfield><marc:subfield code="a">Tōkyō :</marc:subfield><marc:subfield code="b">Shinchōsha,</marc:subfield><marc:subfield code="c">2009.</marc:subfield></marc:datafield><marc:datafield tag="880" ind1=" " ind2=" "><marc:subfield code="6">260-03</marc:subfield><marc:subfield code="a">東京 :</marc:subfield><marc:subfield code="b">新潮社,</marc:subfield><marc:subfield code="c">2009.</marc:subfield></marc:datafield><marc:datafield tag="300" ind1=" " ind2=" "><marc:subfield code="a">500 p. ;</marc:subfield><marc:subfield code="c">19 cm.</marc:subfield></marc:datafield><marc:datafield tag="500" ind1=" " ind2=" "><marc:subfield code="a">&quot;Twenty-four stories.&quot;</marc:subfield></marc:datafield><marc:datafield tag="505" ind1="0" ind2="0"><marc:subfield code="6">880-04</marc:subfield><marc:subfield code="t">Mekurayanagi to nemuru onna =</marc:subfield><marc:subfield code="t">Blind willow, sleeping woman --</marc:subfield><marc:subfield code="t">Bāsudei gāru =</marc:subfield><marc:subfield code="t">Birthday girl --</marc:subfield><marc:subfield code="t">Nyūyōku tankō no higeki =</marc:subfield><marc:subfield code="t">New York mining disaster --</marc:subfield><marc:subfield code="t">Hikōki : arui wa kare wa ikanishite shi o yomu yōni hitorigoto o itta ka =</marc:subfield><marc:subfield code="t">Airplane : or, how he talked to himself as if reciting poetry --</marc:subfield><marc:subfield code="t">Kagami =</marc:subfield><marc:subfield code="t">Mirror --</marc:subfield><marc:subfield code="t">Warera no jidai no fōkuroa : kōdo shihon shugi zenshi =</marc:subfield><marc:subfield code="g">A</marc:subfield><marc:subfield code="t">folklore for my generation : a pre-history of late-stage capitalism --</marc:subfield><marc:subfield code="t">Hantingu naifu =</marc:subfield><marc:subfield code="t">Hunting knife --</marc:subfield><marc:subfield code="t">Kangarū hiwa =</marc:subfield><marc:subfield code="g">A</marc:subfield><marc:subfield code="t">perfect day for kangaroos --</marc:subfield><marc:subfield code="t">Kaitsuburi =</marc:subfield><marc:subfield code="t">Dabchick --</marc:subfield><marc:subfield code="t">Hitokuineko =</marc:subfield><marc:subfield code="t">Man-eating cats --</marc:subfield><marc:subfield code="t">Binbō na obasan no hanashi =</marc:subfield><marc:subfield code="g">A</marc:subfield><marc:subfield code="t">&quot;poor aunt&quot; story --</marc:subfield><marc:subfield code="t">Ōto 1979 =</marc:subfield><marc:subfield code="t">Nausea 1979 --</marc:subfield><marc:subfield code="t">Nanabanme no otoko =</marc:subfield><marc:subfield code="g">The</marc:subfield><marc:subfield code="t">seventh man --</marc:subfield><marc:subfield code="t">Supageti no toshi ni =</marc:subfield><marc:subfield code="g">The</marc:subfield><marc:subfield code="t">year of spaghetti --</marc:subfield><marc:subfield code="t">Tonī Takitani =</marc:subfield><marc:subfield code="t">Tony Takitani --</marc:subfield><marc:subfield code="t">Tongariyaki no seisui =</marc:subfield><marc:subfield code="g">The</marc:subfield><marc:subfield code="t">rise and fall of sharpie cakes --</marc:subfield><marc:subfield code="t">Kōriotoko =</marc:subfield><marc:subfield code="g">The</marc:subfield><marc:subfield code="t">ice man --</marc:subfield><marc:subfield code="t">Kani =</marc:subfield><marc:subfield code="t">Crabs --</marc:subfield><marc:subfield code="t">Hotaru =</marc:subfield><marc:subfield code="t">Firefly --</marc:subfield><marc:subfield code="t">Gūzen no tabibito =</marc:subfield><marc:subfield code="t">Chance traveler --</marc:subfield><marc:subfield code="t">Hanarei Bei =</marc:subfield><marc:subfield code="t">Hanalei Bay --</marc:subfield><marc:subfield code="t">Doko de are sore ga mitsukarisō na basho de =</marc:subfield><marc:subfield code="t">Where I'm likely to find it --</marc:subfield><marc:subfield code="t">Hibi idōsuru jinzo no katachi o shita ishi =</marc:subfield><marc:subfield code="g">The</marc:subfield><marc:subfield code="t">kidney-shaped stone that moves every day --</marc:subfield><marc:subfield code="t">Shinagawazaru =</marc:subfield><marc:subfield code="g">A</marc:subfield><marc:subfield code="t">Shinagawa moneky.</marc:subfield></marc:datafield><marc:datafield tag="880" ind1="0" ind2="0"><marc:subfield code="6">505-04</marc:subfield><marc:subfield code="t">めくらやなぎと、眠る女 =</marc:subfield><marc:subfield code="t">Blind willow, sleeping woman --</marc:subfield><marc:subfield code="t">バースデイガール =</marc:subfield><marc:subfield code="t">Birthday girl --</marc:subfield><marc:subfield code="t">ニューヨーク炭鉱の悲劇 =</marc:subfield><marc:subfield code="t">New York mining disaster --</marc:subfield><marc:subfield code="t">飛行機 : あるいは彼はいかにして詩を読むようにひとりごとを言ったか =</marc:subfield><marc:subfield code="t">Airplane : or, how he talked to himself as if reciting poetry --</marc:subfield><marc:subfield code="t">鏡 =</marc:subfield><marc:subfield code="t">Mirror --</marc:subfield><marc:subfield code="t">我らの時代のフォークロア : 高度資本主義前史 =</marc:subfield><marc:subfield code="g">A</marc:subfield><marc:subfield code="t">folklore for my generation : a pre-history of late-stage capitalism --</marc:subfield><marc:subfield code="t">ハンティングナイフ =</marc:subfield><marc:subfield code="t">Hunting knife --</marc:subfield><marc:subfield code="t">カンガルー日和 =</marc:subfield><marc:subfield code="g">A</marc:subfield><marc:subfield code="t">perfect day for kangaroos --</marc:subfield><marc:subfield code="t">かいつぶり =</marc:subfield><marc:subfield code="t">Dabchick --</marc:subfield><marc:subfield code="t">人喰い猫 =</marc:subfield><marc:subfield code="t">Man-eating cats --</marc:subfield><marc:subfield code="t">貧乏な叔母さんの話 =</marc:subfield><marc:subfield code="g">A</marc:subfield><marc:subfield code="t">&quot;poor aunt&quot; story --</marc:subfield><marc:subfield code="t">嘔吐1979 =</marc:subfield><marc:subfield code="t">Nausea 1979 --</marc:subfield><marc:subfield code="t">七番目の男 =</marc:subfield><marc:subfield code="g">The</marc:subfield><marc:subfield code="t">seventh man --</marc:subfield><marc:subfield code="t">スパゲティーの年に =</marc:subfield><marc:subfield code="g">The</marc:subfield><marc:subfield code="t">year of spaghetti --</marc:subfield><marc:subfield code="t">トニー滝谷 =</marc:subfield><marc:subfield code="t">Tony Takitani --</marc:subfield><marc:subfield code="t">とんがり焼の盛衰 =</marc:subfield><marc:subfield code="g">The</marc:subfield><marc:subfield code="t">rise and fall of sharpie cakes --</marc:subfield><marc:subfield code="t">氷男 =</marc:subfield><marc:subfield code="g">The</marc:subfield><marc:subfield code="t">ice man --</marc:subfield><marc:subfield code="t">蟹 =</marc:subfield><marc:subfield code="t">Crabs --</marc:subfield><marc:subfield code="t">蛍 =</marc:subfield><marc:subfield code="t">Firefly --</marc:subfield><marc:subfield code="t">偶然の旅人 =</marc:subfield><marc:subfield code="t">Chance traveler --</marc:subfield><marc:subfield code="t">ハナレイベイ =</marc:subfield><marc:subfield code="t">Hanalei Bay --</marc:subfield><marc:subfield code="t">どこであれそれが見つかりそうな場所で =</marc:subfield><marc:subfield code="t">Where I'm likely to find it --</marc:subfield><marc:subfield code="t">日々移動する腎臓のかたちをした石 =</marc:subfield><marc:subfield code="g">The</marc:subfield><marc:subfield code="t">kidney-shaped stone that moves every day --</marc:subfield><marc:subfield code="t">品川猿 =</marc:subfield><marc:subfield code="g">A</marc:subfield><marc:subfield code="t">Shinagawa monkey.</marc:subfield></marc:datafield><marc:datafield tag="546" ind1=" " ind2=" "><marc:subfield code="a">Translated from Chinese translation of the Sanskrit original.</marc:subfield></marc:datafield><marc:datafield tag="655" ind1=" " ind2="7"><marc:subfield code="a">Short stories.</marc:subfield><marc:subfield code="2">lcgft</marc:subfield><marc:subfield code="0">http://id.loc.gov/authorities/genreForms/gf2014026542</marc:subfield></marc:datafield><marc:datafield tag="655" ind1=" " ind2="7"><marc:subfield code="a">Fiction.</marc:subfield><marc:subfield code="2">lcgft</marc:subfield><marc:subfield code="0">http://id.loc.gov/authorities/genreForms/gf2014026339</marc:subfield></marc:datafield><marc:datafield tag="902" ind1=" " ind2=" "><marc:subfield code="a">eal</marc:subfield><marc:subfield code="e">2010423</marc:subfield></marc:datafield><marc:datafield tag="914" ind1=" " ind2=" "><marc:subfield code="a">(OCoLC)ocn471400950</marc:subfield><marc:subfield code="b">OCoLC</marc:subfield><marc:subfield code="c">match</marc:subfield><marc:subfield code="d">20240501</marc:subfield><marc:subfield code="e">processed</marc:subfield><marc:subfield code="f">471400950</marc:subfield></marc:datafield><marc:datafield tag="979" ind1=" " ind2=" "><marc:subfield code="a">(OCoLC)ocn608734641</marc:subfield></marc:datafield><marc:datafield tag="994" ind1=" " ind2=" "><marc:subfield code="a">C0</marc:subfield><marc:subfield code="b">PULEA</marc:subfield></marc:datafield></marc:record>