
<marc:record><marc:leader>02872cam a2200457 a 4500</marc:leader>
<marc:controlfield tag="001">9961156553506421</marc:controlfield>
<marc:controlfield tag="005">20240328043355.0</marc:controlfield><marc:controlfield tag="008">100115s2009    caua     b    000 0 eng c</marc:controlfield><marc:datafield tag="035" ind1=" " ind2=" "><marc:subfield code="a">(NjP)6115655-princetondb</marc:subfield></marc:datafield><marc:datafield tag="035" ind1=" " ind2=" "><marc:subfield code="z">(NjP)Voyager6115655</marc:subfield></marc:datafield><marc:datafield tag="035" ind1=" " ind2=" "><marc:subfield code="z">(NjP)Voyager6115655</marc:subfield></marc:datafield><marc:datafield tag="035" ind1=" " ind2=" "><marc:subfield code="a">(OCoLC)ocn499272545</marc:subfield></marc:datafield><marc:datafield tag="040" ind1=" " ind2=" "><marc:subfield code="a">SFR</marc:subfield><marc:subfield code="b">eng</marc:subfield><marc:subfield code="c">SFR</marc:subfield><marc:subfield code="d">SFR</marc:subfield><marc:subfield code="d">UBY</marc:subfield><marc:subfield code="d">OCLCQ</marc:subfield><marc:subfield code="d">CUS</marc:subfield><marc:subfield code="d">JRS</marc:subfield><marc:subfield code="d">NjP</marc:subfield></marc:datafield><marc:datafield tag="042" ind1=" " ind2=" "><marc:subfield code="a">pcc</marc:subfield></marc:datafield><marc:datafield tag="043" ind1=" " ind2=" "><marc:subfield code="a">n-us-ca</marc:subfield></marc:datafield><marc:datafield tag="049" ind1=" " ind2=" "><marc:subfield code="a">PULL</marc:subfield></marc:datafield><marc:datafield tag="050" ind1=" " ind2="4"><marc:subfield code="a">PN1009.A1</marc:subfield><marc:subfield code="b">L23 2009</marc:subfield></marc:datafield><marc:datafield tag="245" ind1="0" ind2="2"><marc:subfield code="a">A ladies' dozen and a gentleman :</marc:subfield><marc:subfield code="b">early California children's books, 1853-1913.</marc:subfield></marc:datafield><marc:datafield tag="246" ind1="1" ind2="8"><marc:subfield code="a">Early California children's books</marc:subfield></marc:datafield><marc:datafield tag="260" ind1=" " ind2=" "><marc:subfield code="a">[San Francisco, Calif.] :</marc:subfield><marc:subfield code="b">The Book Club of California,</marc:subfield><marc:subfield code="c">2009.</marc:subfield></marc:datafield><marc:datafield tag="300" ind1=" " ind2=" "><marc:subfield code="a">1 portfolio ([13] folded sheets) :</marc:subfield><marc:subfield code="b">ill. (some col.) ;</marc:subfield><marc:subfield code="c">26 cm., in case 27 cm.</marc:subfield></marc:datafield><marc:datafield tag="490" ind1="1" ind2=" "><marc:subfield code="a">Keepsake / The Book Club of California ;</marc:subfield><marc:subfield code="v">2009</marc:subfield></marc:datafield><marc:datafield tag="500" ind1=" " ind2=" "><marc:subfield code="a">Title from portfolio cover.</marc:subfield></marc:datafield><marc:datafield tag="500" ind1=" " ind2=" "><marc:subfield code="a">&quot;The Book Club of California keepsake for 2009.&quot;</marc:subfield></marc:datafield><marc:datafield tag="500" ind1=" " ind2=" "><marc:subfield code="a">Essay by Victoria Dailey on first folded sheet; each of the remaining sheets features an illustrated children's book published between 1853 and 1913.</marc:subfield></marc:datafield><marc:datafield tag="500" ind1=" " ind2=" "><marc:subfield code="a">Designed by Janine Vigus.</marc:subfield></marc:datafield><marc:datafield tag="500" ind1=" " ind2=" "><marc:subfield code="a">Issued in two-part slipcase.</marc:subfield></marc:datafield><marc:datafield tag="504" ind1=" " ind2=" "><marc:subfield code="a">Includes bibliographical references.</marc:subfield></marc:datafield><marc:datafield tag="505" ind1="0" ind2=" "><marc:subfield code="a">A ladies' dozen and a gentleman / by Victoria Dailey -- Alice Bradley Haven. All's not gold that glitters (1853) -- May Wentworth. Fairy tales from gold lands (1867) -- Wentworth. The golden dawn and other storeis (1870) -- Carrie Carlton. Inglenook, a story for children (1868) -- Alice Kingsbury. Ho! for elf-land! (1877) -- Helen Hunt Jackson. The Hunter cats of Connorloa (1884) -- Henry Lathrop Turner. In the lovely land of Sunset, a souvenir of Santa Barbara (1886) -- Louise Carnahan. Polly's lion (1894) -- Alice Merritt Davidson. California plants in their homes (1898) -- Mary E. Bamford. Ti, a story of San Francisco's Chinatown (1899) -- Genevra Sisson Snedden. Docas, the Indian boy of Santa Clara (1899) -- Amelia Woodward Truesdell. La parra grande (1900) -- Mary Austin. The basket woman (1904) -- Ethel T. Foster. Little tales of the desert (1913).</marc:subfield></marc:datafield><marc:datafield tag="546" ind1=" " ind2=" "><marc:subfield code="a">Translated from Marathi.</marc:subfield></marc:datafield><marc:datafield tag="563" ind1=" " ind2=" "><marc:subfield code="a">Pub. in white pict. portfolio wrappers.</marc:subfield></marc:datafield><marc:datafield tag="650" ind1=" " ind2="0"><marc:subfield code="a">Illustrated children's books</marc:subfield><marc:subfield code="z">California</marc:subfield><marc:subfield code="x">History.</marc:subfield></marc:datafield><marc:datafield tag="651" ind1=" " ind2="0"><marc:subfield code="a">California</marc:subfield><marc:subfield code="v">Imprints</marc:subfield><marc:subfield code="v">Bibliography.</marc:subfield></marc:datafield><marc:datafield tag="650" ind1=" " ind2="0"><marc:subfield code="a">Women authors</marc:subfield><marc:subfield code="v">Bio-bibliography.</marc:subfield></marc:datafield><marc:datafield tag="650" ind1=" " ind2="0"><marc:subfield code="a">Indians.</marc:subfield></marc:datafield><marc:datafield tag="700" ind1="1" ind2=" "><marc:subfield code="a">Dailey, Victoria.</marc:subfield><marc:subfield code="0">http://id.loc.gov/authorities/names/n88043153</marc:subfield></marc:datafield><marc:datafield tag="700" ind1="1" ind2=" "><marc:subfield code="a">Vigus, Janine,</marc:subfield><marc:subfield code="d">1953-</marc:subfield><marc:subfield code="0">http://id.loc.gov/authorities/names/no2010011012</marc:subfield></marc:datafield><marc:datafield tag="710" ind1="2" ind2=" "><marc:subfield code="a">Book Club of California.</marc:subfield><marc:subfield code="0">http://id.loc.gov/authorities/names/n79128006</marc:subfield></marc:datafield><marc:datafield tag="830" ind1=" " ind2="0"><marc:subfield code="a">Keepsake series (Book Club of California) ;</marc:subfield><marc:subfield code="v">2009.</marc:subfield></marc:datafield><marc:datafield tag="902" ind1=" " ind2=" "><marc:subfield code="a">aap</marc:subfield><marc:subfield code="b">m</marc:subfield><marc:subfield code="6">a</marc:subfield><marc:subfield code="7">m</marc:subfield><marc:subfield code="d">v</marc:subfield><marc:subfield code="f">1</marc:subfield><marc:subfield code="e">20100503</marc:subfield></marc:datafield><marc:datafield tag="914" ind1=" " ind2=" "><marc:subfield code="a">(OCoLC)ocn499272545</marc:subfield><marc:subfield code="b">OCoLC</marc:subfield><marc:subfield code="c">match</marc:subfield><marc:subfield code="d">20240327</marc:subfield><marc:subfield code="e">processed</marc:subfield><marc:subfield code="f">499272545</marc:subfield></marc:datafield></marc:record>