
<marc:record><marc:leader>02297cam a2200493Ia 4500</marc:leader>
<marc:controlfield tag="001">9961472713506421</marc:controlfield>
<marc:controlfield tag="005">20240502053331.0</marc:controlfield><marc:controlfield tag="008">100602s2008    cc aco        000 0 chi d</marc:controlfield><marc:datafield tag="020" ind1=" " ind2=" "><marc:subfield code="a">9787805267531 (pbk.)</marc:subfield></marc:datafield><marc:datafield tag="020" ind1=" " ind2=" "><marc:subfield code="a">7805267537 (pbk.)</marc:subfield></marc:datafield><marc:datafield tag="035" ind1=" " ind2=" "><marc:subfield code="a">(NjP)6147271-princetondb</marc:subfield></marc:datafield><marc:datafield tag="035" ind1=" " ind2=" "><marc:subfield code="z">(NjP)Voyager6147271</marc:subfield></marc:datafield><marc:datafield tag="035" ind1=" " ind2=" "><marc:subfield code="z">(NjP)Voyager6147271</marc:subfield></marc:datafield><marc:datafield tag="035" ind1=" " ind2=" "><marc:subfield code="a">(OCoLC)ocn659964596</marc:subfield></marc:datafield><marc:datafield tag="040" ind1=" " ind2=" "><marc:subfield code="a">SLY</marc:subfield><marc:subfield code="b">eng</marc:subfield><marc:subfield code="c">SLY</marc:subfield></marc:datafield><marc:datafield tag="050" ind1=" " ind2="4"><marc:subfield code="a">ND2070.L5484</marc:subfield><marc:subfield code="b">L548 2008</marc:subfield></marc:datafield><marc:datafield tag="066" ind1=" " ind2=" "><marc:subfield code="c">$1</marc:subfield></marc:datafield><marc:datafield tag="082" ind1="0" ind2="4"><marc:subfield code="a">759.951</marc:subfield><marc:subfield code="2">22</marc:subfield></marc:datafield><marc:datafield tag="100" ind1="1" ind2=" "><marc:subfield code="6">880-01</marc:subfield><marc:subfield code="a">Cheng, Liankun,</marc:subfield><marc:subfield code="d">1949-</marc:subfield></marc:datafield><marc:datafield tag="880" ind1="1" ind2=" "><marc:subfield code="6">100-01/$1</marc:subfield><marc:subfield code="a">程连昆,</marc:subfield><marc:subfield code="d">1949-</marc:subfield></marc:datafield><marc:datafield tag="245" ind1="1" ind2="0"><marc:subfield code="6">880-02</marc:subfield><marc:subfield code="a">21 shi ji you ying xiang li hua jia ge an yan jiu.</marc:subfield><marc:subfield code="p">Li Kuhan =</marc:subfield><marc:subfield code="b">21shiji you yingxiangli huajia gean yanjiu. Li Kuhan /</marc:subfield><marc:subfield code="c">[zhu bian, Jia Dejiang].</marc:subfield></marc:datafield><marc:datafield tag="880" ind1="1" ind2="0"><marc:subfield code="6">245-02/$1</marc:subfield><marc:subfield code="a">21世纪有影响力画家个案研究.</marc:subfield><marc:subfield code="p">李苦寒 =</marc:subfield><marc:subfield code="b">21shiji you yingxiangli huajia gean yanjiu. Li Kuhan /</marc:subfield><marc:subfield code="c">[主编, 贾德江].</marc:subfield></marc:datafield><marc:datafield tag="246" ind1="3" ind2="0"><marc:subfield code="6">880-03</marc:subfield><marc:subfield code="a">Li Kuhan</marc:subfield></marc:datafield><marc:datafield tag="880" ind1="3" ind2="0"><marc:subfield code="6">246-03/$1</marc:subfield><marc:subfield code="a">李苦寒</marc:subfield></marc:datafield><marc:datafield tag="246" ind1="3" ind2="1"><marc:subfield code="a">21shiji you yingxiangli huajia gean yanjiu.</marc:subfield><marc:subfield code="p">Li Kuhan</marc:subfield></marc:datafield><marc:datafield tag="246" ind1="1" ind2=" "><marc:subfield code="6">880-04</marc:subfield><marc:subfield code="i">Title on colophon:</marc:subfield><marc:subfield code="a">21 shi ji you ying xiang li hua jia ge an yan jiu.</marc:subfield><marc:subfield code="n">Di 8 ji,</marc:subfield><marc:subfield code="p">Li Kuhan</marc:subfield></marc:datafield><marc:datafield tag="880" ind1="1" ind2=" "><marc:subfield code="6">246-04/$1</marc:subfield><marc:subfield code="i">Title on colophon:</marc:subfield><marc:subfield code="a">21世纪有影响力画家个案研究.</marc:subfield><marc:subfield code="n">第8辑,</marc:subfield><marc:subfield code="p">李苦寒</marc:subfield></marc:datafield><marc:datafield tag="246" ind1="3" ind2=" "><marc:subfield code="a">Er shi yi shi ji you ying xiang li hua jia ge an yan jiu.</marc:subfield><marc:subfield code="p">Li Kuhan</marc:subfield></marc:datafield><marc:datafield tag="250" ind1=" " ind2=" "><marc:subfield code="6">880-05</marc:subfield><marc:subfield code="a">Di 1 ban.</marc:subfield></marc:datafield><marc:datafield tag="880" ind1=" " ind2=" "><marc:subfield code="6">250-05/$1</marc:subfield><marc:subfield code="a">第1版.</marc:subfield></marc:datafield><marc:datafield tag="260" ind1=" " ind2=" "><marc:subfield code="6">880-06</marc:subfield><marc:subfield code="a">Beijing Shi :</marc:subfield><marc:subfield code="b">Beijing gong ye mei shu chu ban she,</marc:subfield><marc:subfield code="c">2008.</marc:subfield></marc:datafield><marc:datafield tag="880" ind1=" " ind2=" "><marc:subfield code="6">260-06/$1</marc:subfield><marc:subfield code="a">北京市 :</marc:subfield><marc:subfield code="b">北京工业美术出版社,</marc:subfield><marc:subfield code="c">2008.</marc:subfield></marc:datafield><marc:datafield tag="300" ind1=" " ind2=" "><marc:subfield code="a">48 p. :</marc:subfield><marc:subfield code="b">ill. (some col.), ports., photos. ;</marc:subfield><marc:subfield code="c">31 cm.</marc:subfield></marc:datafield><marc:datafield tag="546" ind1=" " ind2=" "><marc:subfield code="a">Translated from Middle French into Dutch.</marc:subfield></marc:datafield><marc:datafield tag="650" ind1=" " ind2="0"><marc:subfield code="a">Painting, Chinese</marc:subfield><marc:subfield code="y">21st century</marc:subfield><marc:subfield code="x">History and criticism.</marc:subfield></marc:datafield><marc:datafield tag="650" ind1=" " ind2="0"><marc:subfield code="a">Ink painting, Chinese</marc:subfield><marc:subfield code="y">21st century</marc:subfield><marc:subfield code="x">History and criticism.</marc:subfield></marc:datafield><marc:datafield tag="650" ind1=" " ind2="0"><marc:subfield code="a">Cats in art</marc:subfield><marc:subfield code="y">21st century</marc:subfield><marc:subfield code="x">History and criticism.</marc:subfield></marc:datafield><marc:datafield tag="650" ind1=" " ind2="0"><marc:subfield code="a">Calligraphy, Chinese</marc:subfield><marc:subfield code="y">21st century</marc:subfield><marc:subfield code="x">History and criticism.</marc:subfield></marc:datafield><marc:datafield tag="700" ind1="1" ind2=" "><marc:subfield code="6">880-07</marc:subfield><marc:subfield code="a">Jia, Dejiang.</marc:subfield><marc:subfield code="0">http://id.loc.gov/authorities/names/n84037408</marc:subfield></marc:datafield><marc:datafield tag="880" ind1="1" ind2=" "><marc:subfield code="6">700-07/$1</marc:subfield><marc:subfield code="a">贾德江.</marc:subfield></marc:datafield><marc:datafield tag="902" ind1=" " ind2=" "><marc:subfield code="a">amt</marc:subfield><marc:subfield code="b">m</marc:subfield><marc:subfield code="6">a</marc:subfield><marc:subfield code="7">m</marc:subfield><marc:subfield code="d">v</marc:subfield><marc:subfield code="f">1</marc:subfield><marc:subfield code="e">20120307</marc:subfield></marc:datafield><marc:datafield tag="904" ind1=" " ind2=" "><marc:subfield code="a">yl</marc:subfield><marc:subfield code="b">o</marc:subfield><marc:subfield code="h">m</marc:subfield><marc:subfield code="c">b</marc:subfield><marc:subfield code="e">20100607</marc:subfield></marc:datafield><marc:datafield tag="914" ind1=" " ind2=" "><marc:subfield code="a">(OCoLC)ocn659964596</marc:subfield><marc:subfield code="b">OCoLC</marc:subfield><marc:subfield code="c">match</marc:subfield><marc:subfield code="d">20240501</marc:subfield><marc:subfield code="e">processed</marc:subfield><marc:subfield code="f">659964596</marc:subfield></marc:datafield><marc:datafield tag="999" ind1=" " ind2=" "><marc:subfield code="a">6147271</marc:subfield></marc:datafield></marc:record>