
<marc:record><marc:leader>05780cam a2200445 a 4500</marc:leader>
<marc:controlfield tag="001">9961534983506421</marc:controlfield>
<marc:controlfield tag="005">20240718085817.0</marc:controlfield><marc:controlfield tag="008">100610s2009    ag a     b    100 0 spa d</marc:controlfield><marc:datafield tag="020" ind1=" " ind2=" "><marc:subfield code="a">9789505546145</marc:subfield></marc:datafield><marc:datafield tag="020" ind1=" " ind2=" "><marc:subfield code="a">9505546149</marc:subfield></marc:datafield><marc:datafield tag="035" ind1=" " ind2=" "><marc:subfield code="a">(NjP)6153498-princetondb</marc:subfield></marc:datafield><marc:datafield tag="035" ind1=" " ind2=" "><marc:subfield code="z">(NjP)Voyager6153498</marc:subfield></marc:datafield><marc:datafield tag="035" ind1=" " ind2=" "><marc:subfield code="z">(NjP)Voyager6153498</marc:subfield></marc:datafield><marc:datafield tag="035" ind1=" " ind2=" "><marc:subfield code="a">(OCoLC)ocn654475643</marc:subfield></marc:datafield><marc:datafield tag="040" ind1=" " ind2=" "><marc:subfield code="a">NOC</marc:subfield><marc:subfield code="b">eng</marc:subfield><marc:subfield code="c">NOC</marc:subfield><marc:subfield code="d">PIT</marc:subfield></marc:datafield><marc:datafield tag="041" ind1="0" ind2=" "><marc:subfield code="a">spa</marc:subfield><marc:subfield code="a">eng</marc:subfield></marc:datafield><marc:datafield tag="041" ind1=" " ind2="7"><marc:subfield code="a">eng</marc:subfield><marc:subfield code="a">spa</marc:subfield><marc:subfield code="2">iso639-3</marc:subfield></marc:datafield><marc:datafield tag="043" ind1=" " ind2=" "><marc:subfield code="a">b------</marc:subfield></marc:datafield><marc:datafield tag="050" ind1=" " ind2="4"><marc:subfield code="a">PR9080.A515</marc:subfield><marc:subfield code="b">J67 2007</marc:subfield></marc:datafield><marc:datafield tag="111" ind1="2" ind2=" "><marc:subfield code="a">Jornadas Internacionales de Poscolonialismo en Literatura Anglófona</marc:subfield><marc:subfield code="n">(2nd :</marc:subfield><marc:subfield code="d">2007 :</marc:subfield><marc:subfield code="c">San Miguel de Tucumán, Argentina.</marc:subfield></marc:datafield><marc:datafield tag="245" ind1="1" ind2="0"><marc:subfield code="a">Poscolonialismo y literaturas anglófonas /</marc:subfield><marc:subfield code="c">Cecilia Saleme, compiladora.</marc:subfield></marc:datafield><marc:datafield tag="250" ind1=" " ind2=" "><marc:subfield code="a">1a ed.</marc:subfield></marc:datafield><marc:datafield tag="260" ind1=" " ind2=" "><marc:subfield code="a">San Miguel de Tucumán, Rep. Argentina :</marc:subfield><marc:subfield code="b">Proyecto de Investigación CIUNT &quot;Poscolonialismo en literatura: contactos y fronteras&quot;, Facultad de Filosofía y Letras, Universidad Nacional de Tucumán,</marc:subfield><marc:subfield code="c">c2009.</marc:subfield></marc:datafield><marc:datafield tag="300" ind1=" " ind2=" "><marc:subfield code="a">385 p. :</marc:subfield><marc:subfield code="b">ill. ;</marc:subfield><marc:subfield code="c">22 cm.</marc:subfield></marc:datafield><marc:datafield tag="500" ind1=" " ind2=" "><marc:subfield code="a">&quot;... los trabajos presentados en las II Jornadas Internacionales &quot;Poscolonialismo en Literatura Anglófona&quot; llevadas a cabo en San Miguel de Tucumán en el mes de noviembre de 2007.&quot;--P. [11].</marc:subfield></marc:datafield><marc:datafield tag="546" ind1=" " ind2=" "><marc:subfield code="a">Spanish and English.</marc:subfield></marc:datafield><marc:datafield tag="504" ind1=" " ind2=" "><marc:subfield code="a">Includes bibliographical references.</marc:subfield></marc:datafield><marc:datafield tag="505" ind1="0" ind2=" "><marc:subfield code="a">Writing the world-- telling the story / Merle Collins -- Whose India? : the emergence and marketing of Indian literature / Padmini Mongia -- Margaret Laurence : a white Canadian writing postcolonial texts / Miguel Nenevé -- Contraconquistas / Eugenia Flores de Molinillo -- Estrategias para descolonizar la mente : &quot;latina poetry&quot; en Estados Unidos / Fabián O. Iriarte -- El lado oscuro del poder intelectual : ¿quién define el capital siimbólico en el poscolonialismo? / Ricardo J. Kaliman -- Canciones de libertad : Kamau Brathwaite y sus perspectivas sobre la interrelación entre la música y poesía en las Indias Occidentales / Constanza Alderetes -- The Dark Madonna : apropiación y representación artística de iconografía simbólica con contenido identitario en Langston Hughes, Doris Lessing y Alan Paton / Griselda Beacon -- Representaciones pictóricas de Calibán somo significante colonial / Adriana Sleibe-Rahe de Paradelo --</marc:subfield></marc:datafield><marc:datafield tag="505" ind1="0" ind2=" "><marc:subfield code="a">Conquistando el colonizador : imágenes poscoloniales en el film Cotton Mary / Cynthia Tanoni -- Colonialism and post-colonialism in children's literature / María Eugenia Berio -- Mundos discordantes : un análisis de &quot;War of the Worlds&quot; de Ravinder Randhawa / Lelia Chiapero Ricotti y Silvina Paola Azoiti -- Viajes en la oscuridad : voces de niñas caribeñas en Collins, Senior y McKenzie / Susana Company -- Children in postcolonial literature : from a child's perspective / Marta León -- Interpreter of Maladies : diáspora e identidad en dos cuentos de Jhumpa Lahiri / Marí José Buteler -- Identity and doubleness of selfhood in Jean Rhys's Wide Sargasso Sea / Virginia G. Cattolica -- Pulseando por la identidad puertorriqueña / Mercedes Fernández Beschtedt -- Representation and resistance : the quest for identity in Kamala Das's Indian English writing / Florencia Verónica Perduca -- Chicano representation and identity in three plays by Luis Valdez / Cecilia Saleme -- Derek Walcott y la musa de la historia / María Eugenia Bestani -- Hijos de la medianoche y Vergüenza : dos comentarios sobre la realidad poscolonial, dos esfuerzos de recuperación / Gustavo Kofman --</marc:subfield></marc:datafield><marc:datafield tag="505" ind1="0" ind2=" "><marc:subfield code="a">Hacia una investigación militante para la descolonización o &quot;la resignación es un suicidio permanente&quot; / Lidia Elena Malugani Guillet -- &quot;Self&quot; and &quot;other&quot; in Gandhi's discourse of non-violent resistance / Susana Rossa de Pfisterer -- Postcolonial literary themes in S. Osmene's &quot;Black girl&quot; and Y. Vera's &quot;Why don't you carve other animals&quot; / Gustavo A. Zaplana -- Ni sólo palabras, no sólo silencio en Looking for Livingstone, an odyssey of silence de Marlene Nourbese Philip / Gladys Beatriz Contino -- Tinkuy : la unión o encuentro de los opuestos : Atahualpa y Pizarro según la perspectiva de Peter Shaffer en La caza real del sol / Gladys Beatriz Contino -- La mujer y el extranjero como agentes de desorden en Lucy de Jamaica Kincaid / Nadia Der-Ohannesian -- Vidas perras, vidas de perros : para una lectura de Disgrace de J.M. Coetzee / Juan Ariel Gómez -- Crónicas marcianas de Ray Bradbury : la escritura del proceso de colonización desde la ciencia ficción / Pablo D. López Gómez -- El colonialismo y la ruptura cultural : análisis de Things fall apart de Chinua Achebe (1958) / Julia Inés Martínez -- Wide Sargasso Sea : superstition versus religion? / Mariela Piccirilli -- Canadian literature, postmodern or postcolonial? : an analisis of Margaret Atwood's Cat's eye and Bodily harm / María Alejandra Quiroga -- El lenguaje del poder y el poder del lenguaje en Madmen and specialists de Wole Soyinka / Viviana Nieman.</marc:subfield></marc:datafield><marc:datafield tag="650" ind1=" " ind2="0"><marc:subfield code="a">Commonwealth literature (English)</marc:subfield><marc:subfield code="x">History and criticism</marc:subfield><marc:subfield code="v">Congresses.</marc:subfield><marc:subfield code="0">http://id.loc.gov/authorities/subjects/sh2009118222</marc:subfield></marc:datafield><marc:datafield tag="650" ind1=" " ind2="0"><marc:subfield code="a">Postcolonialism</marc:subfield><marc:subfield code="z">Commonwealth countries</marc:subfield><marc:subfield code="v">Congresses.</marc:subfield></marc:datafield><marc:datafield tag="650" ind1=" " ind2="0"><marc:subfield code="a">Postcolonialism in literature</marc:subfield><marc:subfield code="v">Congresses.</marc:subfield><marc:subfield code="0">http://id.loc.gov/authorities/subjects/sh2010107865</marc:subfield></marc:datafield><marc:datafield tag="650" ind1=" " ind2="0"><marc:subfield code="a">English literature</marc:subfield><marc:subfield code="z">English-speaking countries</marc:subfield><marc:subfield code="x">History and criticism</marc:subfield><marc:subfield code="v">Congresses.</marc:subfield></marc:datafield><marc:datafield tag="700" ind1="1" ind2=" "><marc:subfield code="a">Saleme, Cecilia.</marc:subfield><marc:subfield code="0">http://id.loc.gov/authorities/names/no2008091245</marc:subfield></marc:datafield><marc:datafield tag="710" ind1="2" ind2=" "><marc:subfield code="a">CIUNT (Organization)</marc:subfield><marc:subfield code="0">http://id.loc.gov/authorities/names/nr96021052</marc:subfield></marc:datafield><marc:datafield tag="902" ind1=" " ind2=" "><marc:subfield code="a">sdg</marc:subfield><marc:subfield code="b">m</marc:subfield><marc:subfield code="6">a</marc:subfield><marc:subfield code="7">m</marc:subfield><marc:subfield code="d">v</marc:subfield><marc:subfield code="f">1</marc:subfield><marc:subfield code="e">20101004</marc:subfield></marc:datafield><marc:datafield tag="904" ind1=" " ind2=" "><marc:subfield code="a">rb</marc:subfield><marc:subfield code="b">a</marc:subfield><marc:subfield code="h">n</marc:subfield><marc:subfield code="c">b</marc:subfield><marc:subfield code="e">20100610</marc:subfield></marc:datafield><marc:datafield tag="914" ind1=" " ind2=" "><marc:subfield code="a">(OCoLC)ocn654475643</marc:subfield><marc:subfield code="b">OCoLC</marc:subfield><marc:subfield code="c">match</marc:subfield><marc:subfield code="d">20240710</marc:subfield><marc:subfield code="e">processed</marc:subfield><marc:subfield code="f">654475643</marc:subfield></marc:datafield><marc:datafield tag="999" ind1=" " ind2=" "><marc:subfield code="a">6153498</marc:subfield></marc:datafield></marc:record>