
<marc:record><marc:leader>02309cam a2200361 a 4500</marc:leader>
<marc:controlfield tag="001">9962069613506421</marc:controlfield>
<marc:controlfield tag="005">20240718065250.0</marc:controlfield><marc:controlfield tag="008">090319s2009    njua     b    001 0 eng  </marc:controlfield><marc:datafield tag="010" ind1=" " ind2=" "><marc:subfield code="a">  2009010822</marc:subfield></marc:datafield><marc:datafield tag="015" ind1=" " ind2=" "><marc:subfield code="a">GBA967060</marc:subfield><marc:subfield code="2">bnb</marc:subfield></marc:datafield><marc:datafield tag="016" ind1="7" ind2=" "><marc:subfield code="a">015307451</marc:subfield><marc:subfield code="2">Uk</marc:subfield></marc:datafield><marc:datafield tag="020" ind1=" " ind2=" "><marc:subfield code="a">9780470457306 (cloth)</marc:subfield></marc:datafield><marc:datafield tag="020" ind1=" " ind2=" "><marc:subfield code="a">0470457309 (cloth)</marc:subfield></marc:datafield><marc:datafield tag="035" ind1=" " ind2=" "><marc:subfield code="a">(NjP)6206961-princetondb</marc:subfield></marc:datafield><marc:datafield tag="035" ind1=" " ind2=" "><marc:subfield code="z">(NjP)Voyager6206961</marc:subfield></marc:datafield><marc:datafield tag="035" ind1=" " ind2=" "><marc:subfield code="z">(NjP)Voyager6206961</marc:subfield></marc:datafield><marc:datafield tag="035" ind1=" " ind2=" "><marc:subfield code="a">(OCoLC)ocn316772276</marc:subfield></marc:datafield><marc:datafield tag="040" ind1=" " ind2=" "><marc:subfield code="a">DLC</marc:subfield><marc:subfield code="b">eng</marc:subfield><marc:subfield code="c">DLC</marc:subfield><marc:subfield code="d">YDX</marc:subfield><marc:subfield code="d">BTCTA</marc:subfield><marc:subfield code="d">YDXCP</marc:subfield><marc:subfield code="d">UKM</marc:subfield></marc:datafield><marc:datafield tag="050" ind1="0" ind2="0"><marc:subfield code="a">HG4521</marc:subfield><marc:subfield code="b">.W497 2009</marc:subfield></marc:datafield><marc:datafield tag="082" ind1="0" ind2="0"><marc:subfield code="a">332.63/2</marc:subfield><marc:subfield code="2">22</marc:subfield></marc:datafield><marc:datafield tag="100" ind1="1" ind2=" "><marc:subfield code="a">Wisdom, Gabriel,</marc:subfield><marc:subfield code="d">1950-</marc:subfield><marc:subfield code="0">http://id.loc.gov/authorities/names/n2009017428</marc:subfield></marc:datafield><marc:datafield tag="245" ind1="1" ind2="0"><marc:subfield code="a">Wisdom on value investing :</marc:subfield><marc:subfield code="b">how to profit on fallen angels /</marc:subfield><marc:subfield code="c">Gabriel Wisdom.</marc:subfield></marc:datafield><marc:datafield tag="260" ind1=" " ind2=" "><marc:subfield code="a">Hoboken, N.J. :</marc:subfield><marc:subfield code="b">John Wiley &amp; Sons,</marc:subfield><marc:subfield code="c">c2009.</marc:subfield></marc:datafield><marc:datafield tag="300" ind1=" " ind2=" "><marc:subfield code="a">xvii, 189 p. :</marc:subfield><marc:subfield code="b">ill. ;</marc:subfield><marc:subfield code="c">24 cm.</marc:subfield></marc:datafield><marc:datafield tag="504" ind1=" " ind2=" "><marc:subfield code="a">Includes bibliographical references and index.</marc:subfield></marc:datafield><marc:datafield tag="505" ind1="0" ind2=" "><marc:subfield code="a">Ten traits of the world's greatest bargain hunters -- Fallen, not falling (an important distinction) -- Great moments in bottom fishing: the fallen angels hall of fame -- Buy CATS (cheap and timely securities), avoid dogs -- Cycles and Wall Street's wheel of fortune -- Who wants to be a billionaire? -- Time arbitrage, the rational investor's ally -- The pilot's checklist for safe and effective investing -- The science of demographics: a glimpse into the future -- How to pick stocks: the fallen angels formula -- Profit from panic, corrections, and volatility -- The little chapter that makes you a better investor -- Will you know when to sell? -- Real estate: the other fallen angel opportunity -- Ten fallen angels for the next five years -- Stocks and bonds and rock and roll: my story.</marc:subfield></marc:datafield><marc:datafield tag="546" ind1=" " ind2=" "><marc:subfield code="a">Translated from Persian by ʻAbd al-Ḥusayn Navāʼī. Text presented in romanized Ottoman Turkish; introductory and critical material is in modern Turkish.</marc:subfield></marc:datafield><marc:datafield tag="650" ind1=" " ind2="0"><marc:subfield code="a">Investments.</marc:subfield><marc:subfield code="0">http://id.loc.gov/authorities/subjects/sh85067715</marc:subfield></marc:datafield><marc:datafield tag="650" ind1=" " ind2="0"><marc:subfield code="a">Stocks.</marc:subfield><marc:subfield code="0">http://id.loc.gov/authorities/subjects/sh85128226</marc:subfield></marc:datafield><marc:datafield tag="650" ind1=" " ind2="0"><marc:subfield code="a">Speculation.</marc:subfield><marc:subfield code="0">http://id.loc.gov/authorities/subjects/sh85126431</marc:subfield></marc:datafield><marc:datafield tag="902" ind1=" " ind2=" "><marc:subfield code="a">los</marc:subfield><marc:subfield code="b">l</marc:subfield><marc:subfield code="6">a</marc:subfield><marc:subfield code="7">m</marc:subfield><marc:subfield code="d">v</marc:subfield><marc:subfield code="f">1</marc:subfield><marc:subfield code="e">20100908</marc:subfield></marc:datafield><marc:datafield tag="904" ind1=" " ind2=" "><marc:subfield code="a">cjf</marc:subfield><marc:subfield code="b">o</marc:subfield><marc:subfield code="h">m</marc:subfield><marc:subfield code="c">b</marc:subfield><marc:subfield code="e">20100813</marc:subfield></marc:datafield><marc:datafield tag="914" ind1=" " ind2=" "><marc:subfield code="a">(OCoLC)ocn316772276</marc:subfield><marc:subfield code="b">OCoLC</marc:subfield><marc:subfield code="c">match</marc:subfield><marc:subfield code="d">20240710</marc:subfield><marc:subfield code="e">processed</marc:subfield><marc:subfield code="f">316772276</marc:subfield></marc:datafield></marc:record>