
<marc:record><marc:leader>02211cam a2200433 a 4500</marc:leader>
<marc:controlfield tag="001">9962306073506421</marc:controlfield>
<marc:controlfield tag="005">20240606063606.0</marc:controlfield><marc:controlfield tag="008">100907s2009    nyua     b    001 0 eng  </marc:controlfield><marc:datafield tag="010" ind1=" " ind2=" "><marc:subfield code="a">  2009902036</marc:subfield></marc:datafield><marc:datafield tag="020" ind1=" " ind2=" "><marc:subfield code="a">9780500514917 (hbk.)</marc:subfield></marc:datafield><marc:datafield tag="020" ind1=" " ind2=" "><marc:subfield code="a">0500514917 (hbk.)</marc:subfield></marc:datafield><marc:datafield tag="035" ind1=" " ind2=" "><marc:subfield code="a">(NjP)6230607-princetondb</marc:subfield></marc:datafield><marc:datafield tag="035" ind1=" " ind2=" "><marc:subfield code="z">(NjP)Voyager6230607</marc:subfield></marc:datafield><marc:datafield tag="035" ind1=" " ind2=" "><marc:subfield code="a">(OCoLC)ocn317919367</marc:subfield></marc:datafield><marc:datafield tag="040" ind1=" " ind2=" "><marc:subfield code="a">UKM</marc:subfield><marc:subfield code="b">eng</marc:subfield><marc:subfield code="c">STF</marc:subfield></marc:datafield><marc:datafield tag="042" ind1=" " ind2=" "><marc:subfield code="a">pcc</marc:subfield></marc:datafield><marc:datafield tag="043" ind1=" " ind2=" "><marc:subfield code="a">e-uk---</marc:subfield><marc:subfield code="a">e-uk-en</marc:subfield></marc:datafield><marc:datafield tag="050" ind1=" " ind2="4"><marc:subfield code="a">PR448.A55</marc:subfield><marc:subfield code="b">F73 2009</marc:subfield></marc:datafield><marc:datafield tag="100" ind1="1" ind2=" "><marc:subfield code="a">Frayling, Christopher.</marc:subfield><marc:subfield code="0">http://id.loc.gov/authorities/names/n83204913</marc:subfield></marc:datafield><marc:datafield tag="245" ind1="1" ind2="0"><marc:subfield code="a">Horace Walpole's cat /</marc:subfield><marc:subfield code="c">Christopher Frayling ; illustrated by Richard Bentley, William Blake and Kathleen Hale.</marc:subfield></marc:datafield><marc:datafield tag="260" ind1=" " ind2=" "><marc:subfield code="a">New York, N.Y. :</marc:subfield><marc:subfield code="b">Thames &amp; Hudson,</marc:subfield><marc:subfield code="c">2009.</marc:subfield></marc:datafield><marc:datafield tag="300" ind1=" " ind2=" "><marc:subfield code="a">79 p. :</marc:subfield><marc:subfield code="b">ill. (chiefly col.) ;</marc:subfield><marc:subfield code="c">32 cm.</marc:subfield></marc:datafield><marc:datafield tag="504" ind1=" " ind2=" "><marc:subfield code="a">Includes bibliographical references (p. 78) and index.</marc:subfield></marc:datafield><marc:datafield tag="546" ind1=" " ind2=" "><marc:subfield code="a">Translated from Russian into English. Contains some Russian Language text in Cyrillic script.</marc:subfield></marc:datafield><marc:datafield tag="600" ind1="1" ind2="0"><marc:subfield code="a">Gray, Thomas,</marc:subfield><marc:subfield code="d">1716-1771.</marc:subfield><marc:subfield code="t">Ode on the death of a favourite cat, drowned in a tub of gold-fishes.</marc:subfield></marc:datafield><marc:datafield tag="600" ind1="1" ind2="0"><marc:subfield code="a">Gray, Thomas,</marc:subfield><marc:subfield code="d">1716-1771.</marc:subfield><marc:subfield code="t">Ode on the death of a favourite cat, drowned in a tub of gold-fishes</marc:subfield><marc:subfield code="v">Illustrations.</marc:subfield></marc:datafield><marc:datafield tag="600" ind1="1" ind2="0"><marc:subfield code="a">Walpole, Horace,</marc:subfield><marc:subfield code="d">1717-1797.</marc:subfield><marc:subfield code="0">http://id.loc.gov/authorities/names/n80126297</marc:subfield></marc:datafield><marc:datafield tag="650" ind1=" " ind2="0"><marc:subfield code="a">Cats</marc:subfield><marc:subfield code="z">Great Britain</marc:subfield><marc:subfield code="x">History</marc:subfield><marc:subfield code="y">18th century.</marc:subfield></marc:datafield><marc:datafield tag="650" ind1=" " ind2="0"><marc:subfield code="a">Cats in literature.</marc:subfield><marc:subfield code="0">http://id.loc.gov/authorities/subjects/sh85021280</marc:subfield></marc:datafield><marc:datafield tag="650" ind1=" " ind2="0"><marc:subfield code="a">Cats in art.</marc:subfield><marc:subfield code="0">http://id.loc.gov/authorities/subjects/sh85021279</marc:subfield></marc:datafield><marc:datafield tag="651" ind1=" " ind2="0"><marc:subfield code="a">England</marc:subfield><marc:subfield code="x">Social life and customs</marc:subfield><marc:subfield code="y">18th century.</marc:subfield><marc:subfield code="0">http://id.loc.gov/authorities/subjects/sh85043323</marc:subfield></marc:datafield><marc:datafield tag="655" ind1=" " ind2="7"><marc:subfield code="a">Pictures.</marc:subfield><marc:subfield code="2">lcgft</marc:subfield><marc:subfield code="0">http://id.loc.gov/authorities/genreForms/gf2017027251</marc:subfield></marc:datafield><marc:datafield tag="700" ind1="1" ind2=" "><marc:subfield code="a">Bentley, R.</marc:subfield><marc:subfield code="q">(Richard),</marc:subfield><marc:subfield code="d">1708-1782.</marc:subfield><marc:subfield code="0">http://id.loc.gov/authorities/names/n82220095</marc:subfield></marc:datafield><marc:datafield tag="700" ind1="1" ind2=" "><marc:subfield code="a">Blake, William,</marc:subfield><marc:subfield code="d">1757-1827.</marc:subfield><marc:subfield code="0">http://id.loc.gov/authorities/names/n78095331</marc:subfield></marc:datafield><marc:datafield tag="700" ind1="1" ind2=" "><marc:subfield code="a">Hale, Kathleen,</marc:subfield><marc:subfield code="d">1898-2000.</marc:subfield><marc:subfield code="0">http://id.loc.gov/authorities/names/n50018612</marc:subfield></marc:datafield><marc:datafield tag="902" ind1=" " ind2=" "><marc:subfield code="a">amt</marc:subfield><marc:subfield code="b">m</marc:subfield><marc:subfield code="6">a</marc:subfield><marc:subfield code="7">m</marc:subfield><marc:subfield code="d">v</marc:subfield><marc:subfield code="f">1</marc:subfield><marc:subfield code="e">20101022</marc:subfield></marc:datafield><marc:datafield tag="904" ind1=" " ind2=" "><marc:subfield code="a">mnc</marc:subfield><marc:subfield code="b">a</marc:subfield><marc:subfield code="h">m</marc:subfield><marc:subfield code="c">b</marc:subfield><marc:subfield code="e">20100923</marc:subfield></marc:datafield><marc:datafield tag="914" ind1=" " ind2=" "><marc:subfield code="a">(OCoLC)ocn317919367</marc:subfield><marc:subfield code="b">OCoLC</marc:subfield><marc:subfield code="c">match</marc:subfield><marc:subfield code="d">20240530</marc:subfield><marc:subfield code="e">processed</marc:subfield><marc:subfield code="f">317919367</marc:subfield></marc:datafield><marc:datafield tag="999" ind1=" " ind2=" "><marc:subfield code="a">6230607</marc:subfield></marc:datafield></marc:record>