
<marc:record><marc:leader>02283cam a2200481 a 4500</marc:leader>
<marc:controlfield tag="001">9962669433506421</marc:controlfield>
<marc:controlfield tag="005">20240307031937.0</marc:controlfield><marc:controlfield tag="008">080130s2008    nyua   j      000 1 eng  </marc:controlfield><marc:datafield tag="010" ind1=" " ind2=" "><marc:subfield code="a">  2007050895</marc:subfield></marc:datafield><marc:datafield tag="015" ind1=" " ind2=" "><marc:subfield code="a">GBA895881</marc:subfield><marc:subfield code="2">bnb</marc:subfield></marc:datafield><marc:datafield tag="016" ind1="7" ind2=" "><marc:subfield code="a">014685443</marc:subfield><marc:subfield code="2">Uk</marc:subfield></marc:datafield><marc:datafield tag="020" ind1=" " ind2=" "><marc:subfield code="a">9780316118255</marc:subfield></marc:datafield><marc:datafield tag="020" ind1=" " ind2=" "><marc:subfield code="a">0316118257</marc:subfield></marc:datafield><marc:datafield tag="035" ind1=" " ind2=" "><marc:subfield code="a">(NjP)6266943-princetondb</marc:subfield></marc:datafield><marc:datafield tag="035" ind1=" " ind2=" "><marc:subfield code="z">(NjP)Voyager6266943</marc:subfield></marc:datafield><marc:datafield tag="035" ind1=" " ind2=" "><marc:subfield code="a">(OCoLC)ocn191758149</marc:subfield></marc:datafield><marc:datafield tag="040" ind1=" " ind2=" "><marc:subfield code="a">DLC</marc:subfield><marc:subfield code="b">eng</marc:subfield><marc:subfield code="c">DLC</marc:subfield><marc:subfield code="d">YDX</marc:subfield><marc:subfield code="d">BAKER</marc:subfield><marc:subfield code="d">BTCTA</marc:subfield><marc:subfield code="d">YDXCP</marc:subfield><marc:subfield code="d">LIQ</marc:subfield><marc:subfield code="d">UKM</marc:subfield><marc:subfield code="d">XY4</marc:subfield><marc:subfield code="d">JP3</marc:subfield><marc:subfield code="d">NTE</marc:subfield><marc:subfield code="d">IXA</marc:subfield><marc:subfield code="d">EHH</marc:subfield><marc:subfield code="d">WOO</marc:subfield><marc:subfield code="d">NMP</marc:subfield><marc:subfield code="d">CDX</marc:subfield><marc:subfield code="d">CQU</marc:subfield><marc:subfield code="d">PFO</marc:subfield><marc:subfield code="d">NjP</marc:subfield></marc:datafield><marc:datafield tag="042" ind1=" " ind2=" "><marc:subfield code="a">lcac</marc:subfield></marc:datafield><marc:datafield tag="043" ind1=" " ind2=" "><marc:subfield code="a">a-ja---</marc:subfield></marc:datafield><marc:datafield tag="050" ind1="0" ind2="0"><marc:subfield code="a">PZ7.R262</marc:subfield><marc:subfield code="b">Wa 2008</marc:subfield></marc:datafield><marc:datafield tag="082" ind1="1" ind2="4"><marc:subfield code="a">[E]</marc:subfield><marc:subfield code="2">22</marc:subfield></marc:datafield><marc:datafield tag="100" ind1="1" ind2=" "><marc:subfield code="a">Reibstein, Mark.</marc:subfield><marc:subfield code="0">http://id.loc.gov/authorities/names/n2008007444</marc:subfield></marc:datafield><marc:datafield tag="245" ind1="1" ind2="0"><marc:subfield code="a">Wabi Sabi /</marc:subfield><marc:subfield code="c">Mark Reibstein ; art by Ed Young.</marc:subfield></marc:datafield><marc:datafield tag="250" ind1=" " ind2=" "><marc:subfield code="a">1st ed.</marc:subfield></marc:datafield><marc:datafield tag="260" ind1=" " ind2=" "><marc:subfield code="a">New York :</marc:subfield><marc:subfield code="b">Little, Brown,</marc:subfield><marc:subfield code="c">2008.</marc:subfield></marc:datafield><marc:datafield tag="300" ind1=" " ind2=" "><marc:subfield code="a">1 v. (unpaged) :</marc:subfield><marc:subfield code="b">col. ill. ;</marc:subfield><marc:subfield code="c">29 cm.</marc:subfield></marc:datafield><marc:datafield tag="520" ind1=" " ind2=" "><marc:subfield code="a">Wabi Sabi, a cat living in the city of Kyoto, learns about the Japanese concept of beauty through simplicity as she asks various animals she meets about the meaning of her name.</marc:subfield></marc:datafield><marc:datafield tag="526" ind1="0" ind2=" "><marc:subfield code="a">Accelerated Reader/Renaissance Learning</marc:subfield><marc:subfield code="b">LG</marc:subfield><marc:subfield code="c">4.5</marc:subfield><marc:subfield code="d">0.5.</marc:subfield></marc:datafield><marc:datafield tag="546" ind1=" " ind2=" "><marc:subfield code="a">Translated from Serbian; the original Serbian title is not available.</marc:subfield></marc:datafield><marc:datafield tag="563" ind1=" " ind2=" "><marc:subfield code="a">Pub. col. printed pict. glossy bds, brown pict. e.p., and col. printed pict. d.j.</marc:subfield></marc:datafield><marc:datafield tag="650" ind1=" " ind2="0"><marc:subfield code="a">Cats</marc:subfield><marc:subfield code="v">Pictorial works</marc:subfield><marc:subfield code="v">Juvenile fiction.</marc:subfield></marc:datafield><marc:datafield tag="650" ind1=" " ind2="0"><marc:subfield code="a">Aesthetics, Japanese</marc:subfield><marc:subfield code="v">Pictorial works</marc:subfield><marc:subfield code="v">Juvenile fiction.</marc:subfield></marc:datafield><marc:datafield tag="650" ind1=" " ind2="0"><marc:subfield code="a">Animals</marc:subfield><marc:subfield code="v">Pictorial works</marc:subfield><marc:subfield code="v">Juvenile fiction.</marc:subfield></marc:datafield><marc:datafield tag="651" ind1=" " ind2="0"><marc:subfield code="a">Japan</marc:subfield><marc:subfield code="v">Pictorial works</marc:subfield><marc:subfield code="v">Juvenile fiction.</marc:subfield></marc:datafield><marc:datafield tag="655" ind1=" " ind2="0"><marc:subfield code="a">Picture books for children.</marc:subfield></marc:datafield><marc:datafield tag="655" ind1=" " ind2="7"><marc:subfield code="a">Fiction.</marc:subfield><marc:subfield code="2">lcgft</marc:subfield><marc:subfield code="0">http://id.loc.gov/authorities/genreForms/gf2014026339</marc:subfield></marc:datafield><marc:datafield tag="700" ind1="1" ind2=" "><marc:subfield code="a">Young, Ed,</marc:subfield><marc:subfield code="e">illustrator.</marc:subfield><marc:subfield code="0">http://id.loc.gov/authorities/names/n79056695</marc:subfield></marc:datafield><marc:datafield tag="902" ind1=" " ind2=" "><marc:subfield code="a">aap</marc:subfield><marc:subfield code="b">l</marc:subfield><marc:subfield code="6">a</marc:subfield><marc:subfield code="7">m</marc:subfield><marc:subfield code="d">v</marc:subfield><marc:subfield code="f">1</marc:subfield><marc:subfield code="e">20110324</marc:subfield></marc:datafield><marc:datafield tag="904" ind1=" " ind2=" "><marc:subfield code="a">llb</marc:subfield><marc:subfield code="b">o</marc:subfield><marc:subfield code="h">m</marc:subfield><marc:subfield code="c">b</marc:subfield><marc:subfield code="e">20101005</marc:subfield></marc:datafield><marc:datafield tag="914" ind1=" " ind2=" "><marc:subfield code="a">(OCoLC)ocn191758149</marc:subfield><marc:subfield code="b">OCoLC</marc:subfield><marc:subfield code="c">match</marc:subfield><marc:subfield code="d">20240306</marc:subfield><marc:subfield code="e">processed</marc:subfield><marc:subfield code="f">191758149</marc:subfield></marc:datafield><marc:datafield tag="950" ind1=" " ind2=" "><marc:subfield code="c">2023-12-12 04:39:05 US/Eastern</marc:subfield><marc:subfield code="b">2021-07-12 12:34:07 US/Eastern</marc:subfield><marc:subfield code="a">false</marc:subfield></marc:datafield><marc:datafield tag="956" ind1="4" ind2="2"><marc:subfield code="3">Contributor biographical information</marc:subfield><marc:subfield code="u">http://www.loc.gov/catdir/enhancements/fy0904/2007050895-b.html</marc:subfield></marc:datafield><marc:datafield tag="956" ind1="4" ind2="2"><marc:subfield code="3">Publisher description</marc:subfield><marc:subfield code="u">http://www.loc.gov/catdir/enhancements/fy0907/2007050895-d.html</marc:subfield></marc:datafield></marc:record>