
<marc:record><marc:leader>03639cam a2200337 a 4500</marc:leader>
<marc:controlfield tag="001">9963056053506421</marc:controlfield>
<marc:controlfield tag="005">20240812112218.0</marc:controlfield><marc:controlfield tag="008">080103s2008    ne       b    011 0 eng  </marc:controlfield><marc:datafield tag="010" ind1=" " ind2=" "><marc:subfield code="a">  2008000094</marc:subfield></marc:datafield><marc:datafield tag="020" ind1=" " ind2=" "><marc:subfield code="a">9789004165731 (alk. paper)</marc:subfield></marc:datafield><marc:datafield tag="020" ind1=" " ind2=" "><marc:subfield code="a">9004165738 (alk. paper)</marc:subfield></marc:datafield><marc:datafield tag="035" ind1=" " ind2=" "><marc:subfield code="a">(NjP)6305605-princetondb</marc:subfield></marc:datafield><marc:datafield tag="035" ind1=" " ind2=" "><marc:subfield code="a">(OCoLC)ocn187418610</marc:subfield></marc:datafield><marc:datafield tag="035" ind1=" " ind2=" "><marc:subfield code="z">(NjP)Voyager6305605</marc:subfield></marc:datafield><marc:datafield tag="040" ind1=" " ind2=" "><marc:subfield code="a">DLC</marc:subfield><marc:subfield code="b">eng</marc:subfield><marc:subfield code="c">DLC</marc:subfield><marc:subfield code="d">YDX</marc:subfield><marc:subfield code="d">YDXCP</marc:subfield><marc:subfield code="d">BTCTA</marc:subfield><marc:subfield code="d">BAKER</marc:subfield><marc:subfield code="d">BWX</marc:subfield><marc:subfield code="d">CDX</marc:subfield><marc:subfield code="d">CHVBK</marc:subfield></marc:datafield><marc:datafield tag="050" ind1="0" ind2="0"><marc:subfield code="a">PJ6064.H36</marc:subfield><marc:subfield code="b">C53 2008</marc:subfield></marc:datafield><marc:datafield tag="082" ind1="0" ind2="0"><marc:subfield code="a">492.7</marc:subfield><marc:subfield code="2">22</marc:subfield></marc:datafield><marc:datafield tag="245" ind1="0" ind2="0"><marc:subfield code="a">Classical Arabic humanities in their own terms :</marc:subfield><marc:subfield code="b">festschrift for Wolfhart Heinrichs on his 65th birthday /</marc:subfield><marc:subfield code="c">presented by his students and colleagues ; edited by Beatrice Gruendler ; with the assistance of Michael Cooperson.</marc:subfield></marc:datafield><marc:datafield tag="260" ind1=" " ind2=" "><marc:subfield code="a">Leiden ;</marc:subfield><marc:subfield code="a">Boston :</marc:subfield><marc:subfield code="b">Brill,</marc:subfield><marc:subfield code="c">2008.</marc:subfield></marc:datafield><marc:datafield tag="300" ind1=" " ind2=" "><marc:subfield code="a">xxxvi, 611 p. ;</marc:subfield><marc:subfield code="c">25 cm.</marc:subfield></marc:datafield><marc:datafield tag="504" ind1=" " ind2=" "><marc:subfield code="a">Includes bibliographical references and index.</marc:subfield></marc:datafield><marc:datafield tag="505" ind1="0" ind2=" "><marc:subfield code="a">Acknowledgements -- Preface -- Tabula gratulatoria -- At drink your milks! -at as individuation marker in Levantine Arabic / Kristen Brustad -- Yayyar the companion, spy, scoundrel in premodern Arabic popular narratives / Peter Heath -- Balagha rhetorique aristotelicienne (rethorica) et faculte oratoire (oratoria/balagha) selon les didascalia in &quot;rethoricam (sic!)&quot; Aristotelis ex glosa Alpharabii / Maroun Aouad -- Some morphological functions of Arabic bi- : on the uses of galex / Dimitri Gutas -- Hazaj: genese eines neupersischen metrums / Benedikt Reinert -- Iblis and the jinn in al-Futuhat al-Makkiyya / William C. Chittick -- Iqay: musikalische Metrik bei al-Farabi (gest. 950) und ihr Ebenbild bei Thoinot Arbeau (gest. 1595) / Eckhard Neubauer -- Iqtinad: la confrontation est-ouest en mediterranee aux viie/xiie et viiie/xiiie siecles / Thierry Bianquis -- Khiyab: &quot;discourse&quot; in the jurisprudential theory of Ibn Aqil al-Hanbali / A. Kevin Reinhart -- Khutba: the evolution of early Arabic oration / Tahera Qutbuddin -- Libas: die entliehenen Kleider des Abu Nuwas / Ewald Wagner -- Mulamma in Islamic literatures / Nargis Virani -- Qanida: its reconstruction in performance / Beatrice Gruendler -- Qanida ghazaliyya-khamriyya : two lyrical poems by Hazim al-Qaratajanni (d. 684/1285) / Geert Jan van Gelder -- Qia: Arabic cats / John Huehnergard -- Safar: the early history of time travel literature : al-Muwayli's Hadith lsa b. Hisham and its antecedents / Michael Cooperson -- Taybar al-ru'ya and Alkam al-nujum: references to women in dream interpretation and astrology transferred from Graeco-Roman antiquity and medieval Islam to Byzantium : some problems and considerations / Maria Mavroudi -- Taman: the notion of &quot;Implication&quot; according to al-Rummani / Bruce Fudge -- Tahaddi: gifts, debts, and counter-gifts in the ancient Zoroastrian ritual / Prods Oktor Skjarvo -- Tamanni: If wishes were ... : notes on wishing in Islamic texts / Aron Zysow -- Zarafa: encounters with the giraffe, from Paris to the medieval Islamic world / Remke Kruk.</marc:subfield></marc:datafield><marc:datafield tag="546" ind1=" " ind2=" "><marc:subfield code="a">Translated from Spanish, Arabic, Hebrew, and Ladino.</marc:subfield></marc:datafield><marc:datafield tag="650" ind1=" " ind2="0"><marc:subfield code="a">Arabic philology.</marc:subfield><marc:subfield code="0">http://id.loc.gov/authorities/subjects/sh85006332</marc:subfield></marc:datafield><marc:datafield tag="650" ind1=" " ind2="0"><marc:subfield code="a">Civilization, Arab.</marc:subfield><marc:subfield code="0">http://id.loc.gov/authorities/subjects/sh85026438</marc:subfield></marc:datafield><marc:datafield tag="700" ind1="1" ind2=" "><marc:subfield code="a">Heinrichs, Wolfhart.</marc:subfield><marc:subfield code="0">http://id.loc.gov/authorities/names/n88283032</marc:subfield></marc:datafield><marc:datafield tag="700" ind1="1" ind2=" "><marc:subfield code="a">Cooperson, Michael.</marc:subfield><marc:subfield code="0">http://id.loc.gov/authorities/names/n99037828</marc:subfield></marc:datafield><marc:datafield tag="902" ind1=" " ind2=" "><marc:subfield code="a">nk</marc:subfield><marc:subfield code="b">l</marc:subfield><marc:subfield code="6">a</marc:subfield><marc:subfield code="7">m</marc:subfield><marc:subfield code="d">v</marc:subfield><marc:subfield code="f">1</marc:subfield><marc:subfield code="e">20101229</marc:subfield></marc:datafield><marc:datafield tag="904" ind1=" " ind2=" "><marc:subfield code="a">sla</marc:subfield><marc:subfield code="b">o</marc:subfield><marc:subfield code="h">m</marc:subfield><marc:subfield code="c">b</marc:subfield><marc:subfield code="e">20101101</marc:subfield></marc:datafield><marc:datafield tag="914" ind1=" " ind2=" "><marc:subfield code="a">(OCoLC)ocn187418610</marc:subfield><marc:subfield code="b">OCoLC</marc:subfield><marc:subfield code="c">match</marc:subfield><marc:subfield code="d">20221117</marc:subfield><marc:subfield code="e">processed</marc:subfield><marc:subfield code="f">187418610</marc:subfield></marc:datafield><marc:datafield tag="956" ind1="4" ind2="1"><marc:subfield code="3">Table of contents only</marc:subfield><marc:subfield code="u">http://www.loc.gov/catdir/toc/ecip087/2008000094.html</marc:subfield></marc:datafield></marc:record>