
<marc:record><marc:leader>03528cam a2200685 a 4500</marc:leader>
<marc:controlfield tag="001">9964177803506421</marc:controlfield>
<marc:controlfield tag="005">20240815101912.0</marc:controlfield><marc:controlfield tag="008">110214s2009    nmua          001 0deng d</marc:controlfield><marc:datafield tag="010" ind1=" " ind2=" "><marc:subfield code="a">  2009927986</marc:subfield></marc:datafield><marc:datafield tag="020" ind1=" " ind2=" "><marc:subfield code="a">9781934491157</marc:subfield></marc:datafield><marc:datafield tag="020" ind1=" " ind2=" "><marc:subfield code="a">1934491152</marc:subfield></marc:datafield><marc:datafield tag="035" ind1=" " ind2=" "><marc:subfield code="a">(WORLDWIDE) 143172</marc:subfield></marc:datafield><marc:datafield tag="035" ind1=" " ind2=" "><marc:subfield code="a">(NjP)6417780-princetondb</marc:subfield></marc:datafield><marc:datafield tag="035" ind1=" " ind2=" "><marc:subfield code="a">(OCoLC)ocn456467098</marc:subfield></marc:datafield><marc:datafield tag="035" ind1=" " ind2=" "><marc:subfield code="z">(NjP)Voyager6417780</marc:subfield></marc:datafield><marc:datafield tag="040" ind1=" " ind2=" "><marc:subfield code="a">ZP2</marc:subfield><marc:subfield code="b">eng</marc:subfield><marc:subfield code="c">ZP2</marc:subfield><marc:subfield code="d">ZP2</marc:subfield><marc:subfield code="d">YDXCP</marc:subfield><marc:subfield code="d">BWX</marc:subfield><marc:subfield code="d">NjP</marc:subfield></marc:datafield><marc:datafield tag="043" ind1=" " ind2=" "><marc:subfield code="a">n-us---</marc:subfield><marc:subfield code="a">n-us-nm</marc:subfield></marc:datafield><marc:datafield tag="050" ind1=" " ind2="4"><marc:subfield code="a">ND237.N537</marc:subfield><marc:subfield code="b">A4 2009</marc:subfield></marc:datafield><marc:datafield tag="100" ind1="1" ind2=" "><marc:subfield code="a">Nieto, John,</marc:subfield><marc:subfield code="d">1936-</marc:subfield><marc:subfield code="0">http://id.loc.gov/authorities/names/no2009164601</marc:subfield></marc:datafield><marc:datafield tag="245" ind1="1" ind2="0"><marc:subfield code="a">John Nieto :</marc:subfield><marc:subfield code="b">forces of color &amp; spirit /</marc:subfield><marc:subfield code="c">Susan Hallsten McGarry.</marc:subfield></marc:datafield><marc:datafield tag="246" ind1="3" ind2="0"><marc:subfield code="a">Forces of color &amp; spirit</marc:subfield></marc:datafield><marc:datafield tag="246" ind1="3" ind2=" "><marc:subfield code="a">Forces of color and spirit</marc:subfield></marc:datafield><marc:datafield tag="246" ind1="0" ind2=" "><marc:subfield code="a">Nieto</marc:subfield></marc:datafield><marc:datafield tag="250" ind1=" " ind2=" "><marc:subfield code="a">1st ed.</marc:subfield></marc:datafield><marc:datafield tag="260" ind1=" " ind2=" "><marc:subfield code="a">Albuquerque, N.M. :</marc:subfield><marc:subfield code="b">Fresco Fine Art Publications,</marc:subfield><marc:subfield code="c">c2009.</marc:subfield></marc:datafield><marc:datafield tag="300" ind1=" " ind2=" "><marc:subfield code="a">179 p. :</marc:subfield><marc:subfield code="b">col. ill. ;</marc:subfield><marc:subfield code="c">39 cm.</marc:subfield></marc:datafield><marc:datafield tag="505" ind1="0" ind2=" "><marc:subfield code="a">An American original : foreword / by Seth Hopkins -- Spectrum of life : preface / by Susan Hallsten McGarry -- Strong medicine : biography -- Forces of color &amp; spirit : portfolio of artworks -- Plains -- Pueblo and Navajo -- Canines and cats -- Dancers and drummers -- Apache -- Bison, bears, and birds -- Magic people -- Soul of Sitting Bull : epilogue / by Wolfgang Mabry -- The man at the easel : acknowledgments by Connie Axton -- A life in art : chronology and curriculum vitae -- Limited editions : bronzes and graphics -- Index to illustrations.</marc:subfield></marc:datafield><marc:datafield tag="546" ind1=" " ind2=" "><marc:subfield code="a">Chiefly in Russian; passages in Udmurt with Russian translation.</marc:subfield></marc:datafield><marc:datafield tag="600" ind1="1" ind2="0"><marc:subfield code="a">Nieto, John,</marc:subfield><marc:subfield code="d">1936-</marc:subfield><marc:subfield code="0">http://id.loc.gov/authorities/names/no2009164601</marc:subfield></marc:datafield><marc:datafield tag="650" ind1=" " ind2="0"><marc:subfield code="a">Artists</marc:subfield><marc:subfield code="z">United States</marc:subfield><marc:subfield code="v">Biography.</marc:subfield><marc:subfield code="0">http://id.loc.gov/authorities/subjects/sh2007100575</marc:subfield></marc:datafield><marc:datafield tag="650" ind1=" " ind2="0"><marc:subfield code="a">Painters</marc:subfield><marc:subfield code="z">United States</marc:subfield><marc:subfield code="v">Biography.</marc:subfield><marc:subfield code="0">http://id.loc.gov/authorities/subjects/sh2008108757</marc:subfield></marc:datafield><marc:datafield tag="650" ind1=" " ind2="0"><marc:subfield code="a">Indians in art.</marc:subfield><marc:subfield code="0">http://id.loc.gov/authorities/subjects/sh96011830</marc:subfield></marc:datafield><marc:datafield tag="700" ind1="1" ind2=" "><marc:subfield code="a">McGarry, Susan Hallsten.</marc:subfield></marc:datafield><marc:datafield tag="710" ind1="2" ind2=" "><marc:subfield code="a">Ventana Fine Art.</marc:subfield><marc:subfield code="0">http://id.loc.gov/authorities/names/no2009164603</marc:subfield></marc:datafield><marc:datafield tag="902" ind1=" " ind2=" "><marc:subfield code="a">jar</marc:subfield><marc:subfield code="b">m</marc:subfield><marc:subfield code="6">a</marc:subfield><marc:subfield code="7">m</marc:subfield><marc:subfield code="d">v</marc:subfield><marc:subfield code="f">1</marc:subfield><marc:subfield code="e">20110228</marc:subfield></marc:datafield><marc:datafield tag="904" ind1=" " ind2=" "><marc:subfield code="a">jar</marc:subfield><marc:subfield code="b">a</marc:subfield><marc:subfield code="h">m</marc:subfield><marc:subfield code="c">b</marc:subfield><marc:subfield code="e">20110221</marc:subfield></marc:datafield><marc:datafield tag="914" ind1=" " ind2=" "><marc:subfield code="a">(OCoLC)ocn456467098</marc:subfield><marc:subfield code="b">OCoLC</marc:subfield><marc:subfield code="c">match</marc:subfield><marc:subfield code="d">20221117</marc:subfield><marc:subfield code="e">processed</marc:subfield><marc:subfield code="f">456467098</marc:subfield></marc:datafield><marc:controlfield tag="001">9963788403506421</marc:controlfield><marc:controlfield tag="005">20240820113949.0</marc:controlfield><marc:controlfield tag="008">080806s2008    ne a   j      000 1 dut d</marc:controlfield><marc:datafield tag="020" ind1=" " ind2=" "><marc:subfield code="a">9789045106403</marc:subfield></marc:datafield><marc:datafield tag="020" ind1=" " ind2=" "><marc:subfield code="a">904510640X</marc:subfield></marc:datafield><marc:datafield tag="035" ind1=" " ind2=" "><marc:subfield code="a">(NjP)6378840-princetondb</marc:subfield></marc:datafield><marc:datafield tag="035" ind1=" " ind2=" "><marc:subfield code="a">(OCoLC)ocn699779011</marc:subfield></marc:datafield><marc:datafield tag="035" ind1=" " ind2=" "><marc:subfield code="z">(NjP)Voyager6378840</marc:subfield></marc:datafield><marc:datafield tag="040" ind1=" " ind2=" "><marc:subfield code="a">NjP</marc:subfield><marc:subfield code="b">eng</marc:subfield><marc:subfield code="c">NjP</marc:subfield></marc:datafield><marc:datafield tag="100" ind1="1" ind2=" "><marc:subfield code="a">Posthumus, Anki.</marc:subfield></marc:datafield><marc:datafield tag="245" ind1="1" ind2="0"><marc:subfield code="a">10 in de lucht /</marc:subfield><marc:subfield code="c">Anki Posthumus.</marc:subfield></marc:datafield><marc:datafield tag="246" ind1="3" ind2=" "><marc:subfield code="a">Tien in de lucht</marc:subfield></marc:datafield><marc:datafield tag="246" ind1="3" ind2="0"><marc:subfield code="a">Ten in de lucht</marc:subfield></marc:datafield><marc:datafield tag="260" ind1=" " ind2=" "><marc:subfield code="a">Amsterdam :</marc:subfield><marc:subfield code="b">Querido,</marc:subfield><marc:subfield code="c">c2008.</marc:subfield></marc:datafield><marc:datafield tag="300" ind1=" " ind2=" "><marc:subfield code="a">[28] p. :</marc:subfield><marc:subfield code="b">ill. ;</marc:subfield><marc:subfield code="c">21 x 25 cm.</marc:subfield></marc:datafield><marc:datafield tag="520" ind1=" " ind2=" "><marc:subfield code="a">A cat slowly eats all ten birds sitting on a tree.</marc:subfield></marc:datafield><marc:datafield tag="546" ind1=" " ind2=" "><marc:subfield code="a">Chiefly Latin words, in part in English, French, and Welsh; English translations for several Latin works and Car auprès de toi printed separately as text.</marc:subfield></marc:datafield><marc:datafield tag="563" ind1=" " ind2=" "><marc:subfield code="a">Pub. col. printed pict. bds and col. printed pict. e.p.</marc:subfield></marc:datafield><marc:datafield tag="650" ind1=" " ind2="0"><marc:subfield code="a">Cats</marc:subfield><marc:subfield code="x">Behavior</marc:subfield><marc:subfield code="v">Pictorial works</marc:subfield><marc:subfield code="v">Juvenile literature.</marc:subfield><marc:subfield code="0">http://id.loc.gov/authorities/subjects/sh2010000205</marc:subfield></marc:datafield><marc:datafield tag="650" ind1=" " ind2="0"><marc:subfield code="a">Birds</marc:subfield><marc:subfield code="v">Juvenile literature.</marc:subfield><marc:subfield code="0">http://id.loc.gov/authorities/subjects/sh2007101920</marc:subfield></marc:datafield><marc:datafield tag="655" ind1=" " ind2="7"><marc:subfield code="a">Fiction.</marc:subfield><marc:subfield code="2">lcgft</marc:subfield><marc:subfield code="0">http://id.loc.gov/authorities/genreForms/gf2014026339</marc:subfield></marc:datafield><marc:datafield tag="902" ind1=" " ind2=" "><marc:subfield code="a">aap</marc:subfield><marc:subfield code="b">o</marc:subfield><marc:subfield code="6">a</marc:subfield><marc:subfield code="7">m</marc:subfield><marc:subfield code="d">v</marc:subfield><marc:subfield code="f">1</marc:subfield><marc:subfield code="e">20110124</marc:subfield></marc:datafield><marc:datafield tag="914" ind1=" " ind2=" "><marc:subfield code="a">(OCoLC)ocn699779011</marc:subfield><marc:subfield code="b">OCoLC</marc:subfield><marc:subfield code="c">match</marc:subfield><marc:subfield code="d">20221117</marc:subfield><marc:subfield code="e">processed</marc:subfield><marc:subfield code="f">699779011</marc:subfield></marc:datafield></marc:record>