
<marc:record><marc:leader>02131cam a2200421 a 4500</marc:leader>
<marc:controlfield tag="001">9976836043506421</marc:controlfield>
<marc:controlfield tag="005">20240711100843.0</marc:controlfield><marc:controlfield tag="008">060317s2006    enka     b    001 0 eng  </marc:controlfield><marc:datafield tag="020" ind1=" " ind2=" "><marc:subfield code="a">9781861892928 (pbk.)</marc:subfield></marc:datafield><marc:datafield tag="020" ind1=" " ind2=" "><marc:subfield code="a">1861892926 (pbk.)</marc:subfield></marc:datafield><marc:datafield tag="035" ind1=" " ind2=" "><marc:subfield code="a">(NjP)7683604-princetondb</marc:subfield></marc:datafield><marc:datafield tag="035" ind1=" " ind2=" "><marc:subfield code="z">(NjP)Voyager7683604</marc:subfield></marc:datafield><marc:datafield tag="035" ind1=" " ind2=" "><marc:subfield code="a">(OCoLC)ocm67375481</marc:subfield></marc:datafield><marc:datafield tag="040" ind1=" " ind2=" "><marc:subfield code="a">UKM</marc:subfield><marc:subfield code="b">eng</marc:subfield><marc:subfield code="c">UKM</marc:subfield><marc:subfield code="d">BAKER</marc:subfield><marc:subfield code="d">C#P</marc:subfield><marc:subfield code="d">YDXCP</marc:subfield><marc:subfield code="d">VP@</marc:subfield><marc:subfield code="d">BTCTA</marc:subfield><marc:subfield code="d">CQU</marc:subfield><marc:subfield code="d">YAM</marc:subfield><marc:subfield code="d">AU@</marc:subfield><marc:subfield code="d">NjP</marc:subfield></marc:datafield><marc:datafield tag="042" ind1=" " ind2=" "><marc:subfield code="a">ukblsr</marc:subfield></marc:datafield><marc:datafield tag="050" ind1=" " ind2="4"><marc:subfield code="a">SF442.6</marc:subfield><marc:subfield code="b">.R64 2006</marc:subfield></marc:datafield><marc:datafield tag="100" ind1="1" ind2=" "><marc:subfield code="a">Rogers, Katharine M.</marc:subfield><marc:subfield code="0">http://id.loc.gov/authorities/names/n79055177</marc:subfield></marc:datafield><marc:datafield tag="245" ind1="1" ind2="0"><marc:subfield code="a">Cat /</marc:subfield><marc:subfield code="c">Katharine M. Rogers.</marc:subfield></marc:datafield><marc:datafield tag="260" ind1=" " ind2=" "><marc:subfield code="a">London :</marc:subfield><marc:subfield code="b">Reaktion Books,</marc:subfield><marc:subfield code="c">2006.</marc:subfield></marc:datafield><marc:datafield tag="300" ind1=" " ind2=" "><marc:subfield code="a">207 p. :</marc:subfield><marc:subfield code="b">ill. (some col.) ;</marc:subfield><marc:subfield code="c">20 cm.</marc:subfield></marc:datafield><marc:datafield tag="490" ind1="1" ind2=" "><marc:subfield code="a">Animal series</marc:subfield></marc:datafield><marc:datafield tag="504" ind1=" " ind2=" "><marc:subfield code="a">Includes bibliographical references (p. 182-193) and index.</marc:subfield></marc:datafield><marc:datafield tag="505" ind1="0" ind2=" "><marc:subfield code="a">Wildcat to domestic mousecatcher -- The magic of cats, good and evil -- Cherished inmates of home and salon -- Cats and women -- Cats appreciated as individuals -- The fascination of paradox.</marc:subfield></marc:datafield><marc:datafield tag="546" ind1=" " ind2=" "><marc:subfield code="a">Parallel texts in German, French and English; foreword additionally in Luxembourgish.</marc:subfield></marc:datafield><marc:datafield tag="650" ind1=" " ind2="0"><marc:subfield code="a">Cats.</marc:subfield><marc:subfield code="0">http://id.loc.gov/authorities/subjects/sh85021262</marc:subfield></marc:datafield><marc:datafield tag="650" ind1=" " ind2="0"><marc:subfield code="a">Cats</marc:subfield><marc:subfield code="x">Psychology.</marc:subfield><marc:subfield code="0">http://id.loc.gov/authorities/subjects/sh2008100212</marc:subfield></marc:datafield><marc:datafield tag="650" ind1=" " ind2="0"><marc:subfield code="a">Cats</marc:subfield><marc:subfield code="x">Symbolic aspects.</marc:subfield></marc:datafield><marc:datafield tag="650" ind1=" " ind2="0"><marc:subfield code="a">Cats</marc:subfield><marc:subfield code="x">Mythology.</marc:subfield><marc:subfield code="0">http://id.loc.gov/authorities/subjects/sh85021268</marc:subfield></marc:datafield><marc:datafield tag="650" ind1=" " ind2="0"><marc:subfield code="a">Cats</marc:subfield><marc:subfield code="x">Religious aspects.</marc:subfield><marc:subfield code="0">http://id.loc.gov/authorities/subjects/sh85021271</marc:subfield></marc:datafield><marc:datafield tag="650" ind1=" " ind2="0"><marc:subfield code="a">Cats in art.</marc:subfield><marc:subfield code="0">http://id.loc.gov/authorities/subjects/sh85021279</marc:subfield></marc:datafield><marc:datafield tag="650" ind1=" " ind2="0"><marc:subfield code="a">Cats in literature.</marc:subfield><marc:subfield code="0">http://id.loc.gov/authorities/subjects/sh85021280</marc:subfield></marc:datafield><marc:datafield tag="650" ind1=" " ind2="0"><marc:subfield code="a">Cats in motion pictures.</marc:subfield><marc:subfield code="0">http://id.loc.gov/authorities/subjects/sh93000563</marc:subfield></marc:datafield><marc:datafield tag="650" ind1=" " ind2="0"><marc:subfield code="a">Human-animal relationships.</marc:subfield><marc:subfield code="0">http://id.loc.gov/authorities/subjects/sh85062838</marc:subfield></marc:datafield><marc:datafield tag="650" ind1=" " ind2="0"><marc:subfield code="a">Animals and civilization.</marc:subfield><marc:subfield code="0">http://id.loc.gov/authorities/subjects/sh85005279</marc:subfield></marc:datafield><marc:datafield tag="830" ind1=" " ind2="0"><marc:subfield code="a">Animal (Reaktion Books)</marc:subfield></marc:datafield><marc:datafield tag="902" ind1=" " ind2=" "><marc:subfield code="a">lt</marc:subfield><marc:subfield code="b">m</marc:subfield><marc:subfield code="6">a</marc:subfield><marc:subfield code="7">m</marc:subfield><marc:subfield code="d">v</marc:subfield><marc:subfield code="f">1</marc:subfield><marc:subfield code="e">20130807</marc:subfield></marc:datafield><marc:datafield tag="904" ind1=" " ind2=" "><marc:subfield code="a">msw</marc:subfield><marc:subfield code="b">o</marc:subfield><marc:subfield code="h">m</marc:subfield><marc:subfield code="c">b</marc:subfield><marc:subfield code="e">20130801</marc:subfield></marc:datafield><marc:datafield tag="914" ind1=" " ind2=" "><marc:subfield code="a">(OCoLC)ocm67375481</marc:subfield><marc:subfield code="b">OCoLC</marc:subfield><marc:subfield code="c">match</marc:subfield><marc:subfield code="d">20240710</marc:subfield><marc:subfield code="e">processed</marc:subfield><marc:subfield code="f">67375481</marc:subfield></marc:datafield></marc:record>