
<marc:record><marc:leader>02341cam a2200361 a 4500</marc:leader>
<marc:controlfield tag="001">9994990463506421</marc:controlfield>
<marc:controlfield tag="005">20240815103813.0</marc:controlfield><marc:controlfield tag="008">070830s2008    cau           000 0 eng  </marc:controlfield><marc:datafield tag="010" ind1=" " ind2=" "><marc:subfield code="a">  2007035798</marc:subfield></marc:datafield><marc:datafield tag="020" ind1=" " ind2=" "><marc:subfield code="a">9781933958217</marc:subfield></marc:datafield><marc:datafield tag="020" ind1=" " ind2=" "><marc:subfield code="a">1933958219</marc:subfield></marc:datafield><marc:datafield tag="035" ind1=" " ind2=" "><marc:subfield code="a">(NjP)9499046-princetondb</marc:subfield></marc:datafield><marc:datafield tag="035" ind1=" " ind2=" "><marc:subfield code="a">(OCoLC)ocn170203165</marc:subfield></marc:datafield><marc:datafield tag="035" ind1=" " ind2=" "><marc:subfield code="z">(NjP)Voyager9499046</marc:subfield></marc:datafield><marc:datafield tag="040" ind1=" " ind2=" "><marc:subfield code="a">DLC</marc:subfield><marc:subfield code="b">eng</marc:subfield><marc:subfield code="c">DLC</marc:subfield><marc:subfield code="d">BTCTA</marc:subfield><marc:subfield code="d">BAKER</marc:subfield><marc:subfield code="d">YDXCP</marc:subfield><marc:subfield code="d">OCLCQ</marc:subfield><marc:subfield code="d">BDX</marc:subfield><marc:subfield code="d">OCLCF</marc:subfield><marc:subfield code="d">OCLCO</marc:subfield><marc:subfield code="d">OCLCQ</marc:subfield></marc:datafield><marc:datafield tag="043" ind1=" " ind2=" "><marc:subfield code="a">n-us---</marc:subfield></marc:datafield><marc:datafield tag="050" ind1="0" ind2="0"><marc:subfield code="a">HV4764</marc:subfield><marc:subfield code="b">.E88 2008</marc:subfield></marc:datafield><marc:datafield tag="082" ind1="0" ind2="0"><marc:subfield code="a">636.08/32</marc:subfield><marc:subfield code="2">22</marc:subfield></marc:datafield><marc:datafield tag="100" ind1="1" ind2=" "><marc:subfield code="a">Estes, Allison.</marc:subfield><marc:subfield code="0">http://id.loc.gov/authorities/names/no97034938</marc:subfield></marc:datafield><marc:datafield tag="245" ind1="1" ind2="0"><marc:subfield code="a">Paw &amp; order :</marc:subfield><marc:subfield code="b">dramatic investigations by an animal cop on the beat /</marc:subfield><marc:subfield code="c">Allison Estes, Tina Salaks.</marc:subfield></marc:datafield><marc:datafield tag="246" ind1="3" ind2=" "><marc:subfield code="a">Paw and order</marc:subfield></marc:datafield><marc:datafield tag="260" ind1=" " ind2=" "><marc:subfield code="a">Laguna Hills, Calif. :</marc:subfield><marc:subfield code="b">BowTie Press,</marc:subfield><marc:subfield code="c">©2008.</marc:subfield></marc:datafield><marc:datafield tag="300" ind1=" " ind2=" "><marc:subfield code="a">200 pages ;</marc:subfield><marc:subfield code="c">23 cm</marc:subfield></marc:datafield><marc:datafield tag="336" ind1=" " ind2=" "><marc:subfield code="a">text</marc:subfield><marc:subfield code="b">txt</marc:subfield><marc:subfield code="2">rdacontent</marc:subfield></marc:datafield><marc:datafield tag="337" ind1=" " ind2=" "><marc:subfield code="a">unmediated</marc:subfield><marc:subfield code="b">n</marc:subfield><marc:subfield code="2">rdamedia</marc:subfield></marc:datafield><marc:datafield tag="338" ind1=" " ind2=" "><marc:subfield code="a">volume</marc:subfield><marc:subfield code="b">nc</marc:subfield><marc:subfield code="2">rdacarrier</marc:subfield></marc:datafield><marc:datafield tag="505" ind1="0" ind2=" "><marc:subfield code="a">Franklin: A lamb escaped from a slaughterhouse tries to make a getaway on the FDR Drive -- Brandy: An elderly woman is suspected of neglecting her dog -- Collectors: The strange stories of people who actually live with 20 dogs, or 100 cats -- Koenig and Nitro: Dogs, one an ex-police K9, are abandoned when their owners split up -- Million dollar birdy: Illegal cock- and dog-fighting rings still thrive in the inner city -- Maggie and king: A starving rottweiler and an aged cocker spaniel with an eye tumor are left outside on the eve of the biggest snowstorm of the year -- Hammer cat: A man, a cat, and a roomful of blood-but whose? -- The wonder wheel dogs: Generations of German shepherds ride the ferris wheel at Coney Island -- Lolita: A Dalmation with a mangled leg needs a home -- September 11: the animals: How the ASPCA rescued the pets who were left behind -- Those magic moments -- Special agent in some very special situations -- Mounty: How horses, and one horse in particular, influenced special agent Salaks' career.</marc:subfield></marc:datafield><marc:datafield tag="546" ind1=" " ind2=" "><marc:subfield code="a">Sung in Wolof, French and English.</marc:subfield></marc:datafield><marc:datafield tag="650" ind1=" " ind2="0"><marc:subfield code="a">Animal rescue</marc:subfield><marc:subfield code="z">United States.</marc:subfield></marc:datafield><marc:datafield tag="700" ind1="1" ind2=" "><marc:subfield code="a">Salaks, Tina.</marc:subfield><marc:subfield code="0">http://id.loc.gov/authorities/names/n2007062295</marc:subfield></marc:datafield><marc:datafield tag="902" ind1=" " ind2=" "><marc:subfield code="a">dls</marc:subfield><marc:subfield code="b">l</marc:subfield><marc:subfield code="6">a</marc:subfield><marc:subfield code="7">m</marc:subfield><marc:subfield code="d">v</marc:subfield><marc:subfield code="f">1</marc:subfield><marc:subfield code="e">20160112</marc:subfield></marc:datafield><marc:datafield tag="904" ind1=" " ind2=" "><marc:subfield code="a">dls</marc:subfield><marc:subfield code="b">g</marc:subfield><marc:subfield code="h">m</marc:subfield><marc:subfield code="c">b</marc:subfield><marc:subfield code="e">20160112</marc:subfield></marc:datafield><marc:datafield tag="914" ind1=" " ind2=" "><marc:subfield code="a">(OCoLC)ocn170203165</marc:subfield><marc:subfield code="b">OCoLC</marc:subfield><marc:subfield code="c">match</marc:subfield><marc:subfield code="d">20221117</marc:subfield><marc:subfield code="e">processed</marc:subfield><marc:subfield code="f">170203165</marc:subfield></marc:datafield></marc:record>