
<marc:record><marc:leader>04982cam a2200469 i 4500</marc:leader>
<marc:controlfield tag="001">9996271833506421</marc:controlfield>
<marc:controlfield tag="005">20240718090520.0</marc:controlfield><marc:controlfield tag="008">090424t20092009nyua     b    001 0 eng  </marc:controlfield><marc:datafield tag="010" ind1=" " ind2=" "><marc:subfield code="a">  2009017625</marc:subfield></marc:datafield><marc:datafield tag="020" ind1=" " ind2=" "><marc:subfield code="a">9781585427185</marc:subfield><marc:subfield code="q">(pbk.)</marc:subfield></marc:datafield><marc:datafield tag="020" ind1=" " ind2=" "><marc:subfield code="a">1585427187</marc:subfield><marc:subfield code="q">(pbk.)</marc:subfield></marc:datafield><marc:datafield tag="035" ind1=" " ind2=" "><marc:subfield code="a">(NjP)9627183-princetondb</marc:subfield></marc:datafield><marc:datafield tag="035" ind1=" " ind2=" "><marc:subfield code="z">(NjP)Voyager9627183</marc:subfield></marc:datafield><marc:datafield tag="035" ind1=" " ind2=" "><marc:subfield code="a">(OCoLC)ocn262428512</marc:subfield></marc:datafield><marc:datafield tag="040" ind1=" " ind2=" "><marc:subfield code="a">DLC</marc:subfield><marc:subfield code="b">eng</marc:subfield><marc:subfield code="e">rda</marc:subfield><marc:subfield code="c">DLC</marc:subfield><marc:subfield code="d">YDX</marc:subfield><marc:subfield code="d">BTCTA</marc:subfield><marc:subfield code="d">YDXCP</marc:subfield><marc:subfield code="d">JN6</marc:subfield><marc:subfield code="d">VP@</marc:subfield><marc:subfield code="d">QQ3</marc:subfield><marc:subfield code="d">FMF</marc:subfield><marc:subfield code="d">BGCBL</marc:subfield><marc:subfield code="d">BDX</marc:subfield><marc:subfield code="d">OCLCF</marc:subfield><marc:subfield code="d">OCLCQ</marc:subfield><marc:subfield code="d">NjP</marc:subfield></marc:datafield><marc:datafield tag="050" ind1="0" ind2="0"><marc:subfield code="a">TX725.A1</marc:subfield><marc:subfield code="b">S4154 2009</marc:subfield></marc:datafield><marc:datafield tag="082" ind1="0" ind2="0"><marc:subfield code="a">641.59</marc:subfield><marc:subfield code="2">22</marc:subfield></marc:datafield><marc:datafield tag="100" ind1="1" ind2=" "><marc:subfield code="a">Scherb, Madeline,</marc:subfield><marc:subfield code="e">author.</marc:subfield><marc:subfield code="0">http://id.loc.gov/authorities/names/n2009025502</marc:subfield></marc:datafield><marc:datafield tag="245" ind1="1" ind2="2"><marc:subfield code="a">A taste of heaven :</marc:subfield><marc:subfield code="b">a guide to food and drink made by monks and nuns /</marc:subfield><marc:subfield code="c">Madeline Scherb.</marc:subfield></marc:datafield><marc:datafield tag="264" ind1=" " ind2="1"><marc:subfield code="a">New York :</marc:subfield><marc:subfield code="b">Jeremy P. Tarcher/Penguin,</marc:subfield><marc:subfield code="c">[2009]</marc:subfield></marc:datafield><marc:datafield tag="264" ind1=" " ind2="4"><marc:subfield code="c">©2009</marc:subfield></marc:datafield><marc:datafield tag="300" ind1=" " ind2=" "><marc:subfield code="a">xxi, 218 pages :</marc:subfield><marc:subfield code="b">illustrations ;</marc:subfield><marc:subfield code="c">21 cm</marc:subfield></marc:datafield><marc:datafield tag="336" ind1=" " ind2=" "><marc:subfield code="a">text</marc:subfield><marc:subfield code="b">txt</marc:subfield><marc:subfield code="2">rdacontent</marc:subfield></marc:datafield><marc:datafield tag="337" ind1=" " ind2=" "><marc:subfield code="a">unmediated</marc:subfield><marc:subfield code="b">n</marc:subfield><marc:subfield code="2">rdamedia</marc:subfield></marc:datafield><marc:datafield tag="338" ind1=" " ind2=" "><marc:subfield code="a">volume</marc:subfield><marc:subfield code="b">nc</marc:subfield><marc:subfield code="2">rdacarrier</marc:subfield></marc:datafield><marc:datafield tag="504" ind1=" " ind2=" "><marc:subfield code="a">Includes bibliographical references (pages 207-209) and index.</marc:subfield></marc:datafield><marc:datafield tag="505" ind1="0" ind2=" "><marc:subfield code="a">Celestial spirits. Singeverga Monastery (Porto, Portugal) -- How to enjoy a Trappist beer -- How to be sure it's a real Trappist beer -- Abbey brew pubs in Flanders and Wallonia, Belgium -- Saint Benedict Abbey, aka Achel Hermitage (near Achel, Belgium, and Eindhoven, The Netherlands) -- Orval Abbey (near Florenville, Belgium) -- Abbey of Our Beloved Lady of the Sacred Heart, aka Westmalle (near Antwerp, Belgium) -- Abbey of Saint Hildegard (near Rüdesheim, Germany).</marc:subfield></marc:datafield><marc:datafield tag="505" ind1="0" ind2=" "><marc:subfield code="a">Holy cheese. The cheese route: Tamié Abbey (French Alps), Mont des Cats Abbey (French Flanders), Timadeuc Abbey (Brittany), and Échourgnac Abbey (Périgord) -- A taste of Provence: Aiguebelle Abbey, Sainte Madeleine Abbey, and Ganagobie Abbey -- Cîteaux Abbey (near Dijon in the Côte-d'Or, Burgundy, France) -- Tamié Abbey (near Albertville in Savoy, France) -- Abbey of Gethsemani (near Bardstown, Kentucky).</marc:subfield></marc:datafield><marc:datafield tag="505" ind1="0" ind2=" "><marc:subfield code="a">Sweet temptations. Our Lady of Consolation Priory (near Amity, Oregon) -- Mount Saint Mary's Abbey (near Wrentham, Massachusetts) -- Our Lady of the Mississippi Abbey (near Dubuque, Iowa) -- Our Lady of Bonneval Abbey (near Espalion, in Aveyron, France).</marc:subfield></marc:datafield><marc:datafield tag="505" ind1="0" ind2=" "><marc:subfield code="a">Other edifying edibles. Our Lady of the Holy Spirit Monastery (near Conyers, Georgia) -- New Skete Monastery (near Cambridge, New York) -- Upstate New York: Genesee Abbey (Piffard), New Skete Monastery (Cambridge), Our Lady of the Resurrection Monastery (La Grangeville), and Sprout Creek Farm (Poughkeepsie) -- Saint Joseph's Abbey, aka Spencer Abbey (near Spencer, Massachusetts) -- Our Lady of Guadalupe Abbey (near Lafayette, Oregon) -- Monastery fruitcake at a glance -- Monastery of Our Lady of Ganagobie (near Sisteron in Alpes-de-Haute-Provence, France) -- Monastery etiquette.</marc:subfield></marc:datafield><marc:datafield tag="520" ind1=" " ind2=" "><marc:subfield code="a">In a world dominated by celebrity chefs and the latest and greatest recipes blogged and tweeted by foodies, Scherb takes readers on a refreshing foray along a monastic pilgrimage through Europe and the United States. The author poses the question in this cookbook/travel guide: What can the rest of us learn from the way monks and nuns live and the exceptional products they make? The exceptional products are broken down into sections including spirits, cheese, and sweets, and honor the ingredients and traditions of monastic food making over a thousand years. The 40-plus recipes vary from the simple (Savory Cheese Melt) to the unexpected (cauliflower fritters), and more involved (chocolate chestnut torte with cognac mousse; and browned sole with shrimp, and gnocchi), are culled from various restaurant chefs, magazines and Brother Victor-Antoine d'Avila-Latourrette, a monk and cookbook author. While the recipe count is light, the book--subtly designed with small illustrations--is filled out with suggested itineraries to regional monasteries, detailed profiles of abbots and abbesses and a shopping resource. Readers will also find a guide to monastery etiquette and a suggested reading list for more on monastic life.</marc:subfield></marc:datafield><marc:datafield tag="546" ind1=" " ind2=" "><marc:subfield code="a">Texts in Mandinka and Arabic with French translations and commentary; Editors' introduction in English.</marc:subfield></marc:datafield><marc:datafield tag="650" ind1=" " ind2="0"><marc:subfield code="a">International cooking.</marc:subfield><marc:subfield code="0">http://id.loc.gov/authorities/subjects/sh85031838</marc:subfield></marc:datafield><marc:datafield tag="650" ind1=" " ind2="0"><marc:subfield code="a">Alcoholic beverages.</marc:subfield><marc:subfield code="0">http://id.loc.gov/authorities/subjects/sh85003283</marc:subfield></marc:datafield><marc:datafield tag="650" ind1=" " ind2="0"><marc:subfield code="a">Monastic and religious life.</marc:subfield><marc:subfield code="0">http://id.loc.gov/authorities/subjects/sh85086703</marc:subfield></marc:datafield><marc:datafield tag="650" ind1=" " ind2="7"><marc:subfield code="a">Alcoholic beverages.</marc:subfield><marc:subfield code="2">fast</marc:subfield><marc:subfield code="0">(OCoLC)fst00804377</marc:subfield></marc:datafield><marc:datafield tag="650" ind1=" " ind2="7"><marc:subfield code="a">International cooking.</marc:subfield><marc:subfield code="2">fast</marc:subfield><marc:subfield code="0">(OCoLC)fst01753876</marc:subfield></marc:datafield><marc:datafield tag="650" ind1=" " ind2="7"><marc:subfield code="a">Monastic and religious life.</marc:subfield><marc:subfield code="2">fast</marc:subfield><marc:subfield code="0">(OCoLC)fst01025101</marc:subfield></marc:datafield><marc:datafield tag="902" ind1=" " ind2=" "><marc:subfield code="a">nk</marc:subfield><marc:subfield code="b">l</marc:subfield><marc:subfield code="6">a</marc:subfield><marc:subfield code="7">m</marc:subfield><marc:subfield code="d">v</marc:subfield><marc:subfield code="f">1</marc:subfield><marc:subfield code="e">20160503</marc:subfield></marc:datafield><marc:datafield tag="904" ind1=" " ind2=" "><marc:subfield code="a">nk</marc:subfield><marc:subfield code="b">o</marc:subfield><marc:subfield code="h">m</marc:subfield><marc:subfield code="c">b</marc:subfield><marc:subfield code="e">20160428</marc:subfield></marc:datafield><marc:datafield tag="914" ind1=" " ind2=" "><marc:subfield code="a">(OCoLC)ocn262428512</marc:subfield><marc:subfield code="b">OCoLC</marc:subfield><marc:subfield code="c">match</marc:subfield><marc:subfield code="d">20240710</marc:subfield><marc:subfield code="e">processed</marc:subfield><marc:subfield code="f">262428512</marc:subfield></marc:datafield><marc:datafield tag="956" ind1="4" ind2="2"><marc:subfield code="3">Contributor biographical information</marc:subfield><marc:subfield code="u">http://catdir.loc.gov/catdir/enhancements/fy1002/2009017625-b.html</marc:subfield></marc:datafield></marc:record>
</marc:collection>
